
@article{2022,
  date = {2022},
  journaltitle = {Humanités numériques},
  volume = {5, "Enseigner et apprendre les humanités numériques"},
  url = {https://journals.openedition.org/revuehn/ 2773 ; DOI : https://doi.org/10.4000/revuehn.2773},
  keywords = {Important},
  file = {/Users/EstebanSanchez/Zotero/storage/7WCMMKBR/2022 - .pdf}
}

@inproceedings{5597587,
  title = {The {{PAGE}} (Page Analysis and Ground-Truth Elements) Format Framework},
  booktitle = {2010 20th International Conference on Pattern Recognition},
  author = {Pletschacher, Stefan and Antonacopoulos, Apostolos},
  date = {2010},
  pages = {257--260},
  doi = {10.1109/ICPR.2010.72},
  keywords = {TNAH_hn_logiciels}
}

@inproceedings{9257770,
  title = {A Modular Region and Text Line Layout Analysis System},
  booktitle = {2020 17th International Conference on Frontiers in Handwriting Recognition ({{ICFHR}})},
  author = {Kiessling, Benjamin},
  date = {2020},
  pages = {313--318},
  doi = {10.1109/ICFHR2020.2020.00064},
  keywords = {Important,TNAH_hn_logiciels}
}

@misc{albano_exhibition_2014,
  title = {Exhibition},
  author = {Albano, Caterina},
  editor = {{Oxford University}},
  edition = {Oxford University Press},
  pages = {533--538},
  publisher = {{2014}},
  location = {{Oxford et New York}},
  url = {https://ualresearchonline.arts.ac.uk/id/eprint/8058/},
  keywords = {TNAHcatalogues}
}

@online{allouche_2020,
  type = {Billet},
  title = {Humanités numériques et éducation (classe virtuelle 01/07/20)},
  author = {Allouche, Elie},
  url = {https://edunumrech.hypotheses.org/1797},
  urldate = {2022-08-25},
  abstract = {Ces dernières années le développement des formations aux humanités numériques est devenu un sujet d’actualité. En effet, au-delà du monde de la recherche, ce champ d’étude, qui désigne les pratiques numériques en lettres et sciences humaines et sociales, aborde des thématiques qui concernent aussi l’enseignement scolaire avec la place croissante du numérique dans la société … Continuer la lecture de «~Humanités numériques et éducation (classe virtuelle 01/07/20)~»},
  langid = {french},
  organization = {{Éducation, numérique et recherche}},
  keywords = {TNAH_hn_recherche},
  annotation = {allouche\_2020},
  file = {/Users/EstebanSanchez/Zotero/storage/BQPZ7UL5/1797.html}
}

@inproceedings{alloucheHumanitesNumeriquesFormation2019,
  title = {Humanités Numériques et Formation : Quels Enjeux Communs de l'{{École}} à l'{{Université}} ?},
  shorttitle = {Humanités Numériques et Formation},
  booktitle = {Colloque {{DHNord}} 2019 ”{{Corpus}} et Archives Numériques” {{MESHS Lille Nord}} de {{France}} – 16-18 Octobre 2019},
  author = {Allouche, Elie},
  date = {2019-10},
  location = {{Lille, France}},
  url = {https://hal.archives-ouvertes.fr/hal-02321700},
  urldate = {2022-08-25},
  abstract = {Cette intervention aborde le thème des convergences entre les humanités numériques (HN) et le numérique à l'École à partir des enjeux de formation. Notre analyse s'appuie principalement sur deux champs d'observation : les formations au numérique proposées en académie à destination des professeurs des écoles, collèges et lycées ; les formations en HN, à partir d'une analyse en cours de la base Dariah course registry. Notre hypothèse est que ces formations soulèvent des questionnements communs : à quels besoins sociaux, pédagogiques et scientifiques répondent-elles ? ; quel continuum de formation au numérique de l'école à l'université ? ; quelle place du numérique dans les référentiels, les discours institutionnels ? ; quelle est la réalité des pratiques dans l'enseignement, la recherche et la formation ? ; concernant les contenus de formation, quel équilibre établir entre approches disciplinaire et interdisciplinaire, approche par les outils et les techniques et approche par la culture et/ou la conduite de projet ? A terme il s'agirait donc d'envisager une réflexion commune entre les acteurs de l'éducation et ceux de la recherche sur la question plus globale de la construction et de la diffusion des savoirs en environnement numérique.},
  keywords = {TNAH_hn_recherche},
  file = {/Users/EstebanSanchez/Google Drive/Bibliothèques/Bibliothèque Zotero/Allouche, 2019 - Humanités numériques et formation - quels enjeux communs de l'École à l'Université.pdf}
}

@article{alloucheHumanitesNumeriquesPour2020,
  title = {Les humanités numériques, pour un dialogue interdisciplinaire entre recherche et éducation},
  author = {Allouche, Elie},
  date = {2020},
  journaltitle = {Frantice.net},
  url = {https://hal.archives-ouvertes.fr/hal-03080381},
  urldate = {2022-08-25},
  abstract = {Cet article propose une introduction générale aux humanités numériques dans le contexte scolaire à partir du champ d’étude et de la communauté de pratiques qui a émergé depuis au moins une décennie dans le monde de l’enseignement supérieur et de la recherche en lettres-SHS. A partir du manifeste de 2010 plusieurs points de convergence sont dégagés, portant notamment sur les enjeux interdisciplinaires liés à la place du numérique dans la construction et la diffusion des savoirs, induisant de nouveaux modes d’organisation et de nouvelles compétences à développer.},
  langid = {french},
  file = {/Users/EstebanSanchez/Zotero/storage/TKYJTGPB/hal-03080381.html}
}

@online{alloucheHumanitesNumeriquesPratiques,
  type = {Billet},
  title = {Humanités numériques et pratiques pédagogiques : journée d’étude (02/10/20)},
  shorttitle = {Humanités numériques et pratiques pédagogiques},
  author = {Allouche, Elie},
  url = {https://edunumrech.hypotheses.org/2108},
  urldate = {2022-08-25},
  abstract = {Une journée d’étude sur les pratiques pédagogiques et les humanités numériques aura lieu à l’Université Paris 8, en présentiel et en distanciel, le vendredi 02/10/20. Thème de la journée La mise en œuvre des humanités numériques dans les pratiques pédagogiques en sciences humaines et sociales : État des lieux Organisation Claire Bourhis-Mariotti, Université Paris 8 … Continuer la lecture de «~Humanités numériques et pratiques pédagogiques : journée d’étude (02/10/20)~»},
  langid = {french},
  organization = {{Éducation, numérique et recherche}},
  keywords = {TNAH_hn_recherche},
  file = {/Users/EstebanSanchez/Zotero/storage/S9H8FSUZ/2108.html}
}

@article{alrahabiEtudiantsLettresFace2022,
  title = {Des étudiants en lettres face aux humanités numériques : une expérience pédagogique},
  shorttitle = {Des étudiants en lettres face aux humanités numériques},
  author = {Alrahabi, Motasem and Roe, Glenn and Bordry, Marguerite and Koskas, Camille and Gawley, James},
  date = {2022-06-01},
  journaltitle = {Humanités numériques},
  number = {5},
  publisher = {{Humanistica}},
  issn = {2736-2337},
  doi = {10.4000/revuehn.2775},
  url = {http://journals.openedition.org/revuehn/2775},
  urldate = {2022-08-25},
  abstract = {Nous présentons une expérience pédagogique menée dans le cadre d’un cours d’humanités numériques au sein d’un master de lettres dispensé à Sorbonne Université. À l’issue de cet enseignement, les étudiants inscrits, dépourvus de connaissances préalables en matière d’humanités numériques, sont invités à construire un projet qui mobilise les connaissances acquises lors du cours et qui les amène à évaluer concrètement les bénéfices de cette expérience pour leurs propres travaux. Il s’agit soit de mener une réflexion théorique et critique sur un sujet en lien avec l’apprentissage des humanités numériques pour les lettres et sciences humaines, soit de concevoir un scénario de fouille de corpus littéraires mobilisant des outils numériques. Nous avons encadré ces travaux en tant qu’enseignants et tuteurs, en suivant les différentes étapes de leur déroulement. À partir de ce retour d’expérience, nous proposons une réflexion sur les modalités de l’enseignement des humanités numériques à un public de néophytes et sur les apports des nouveaux outils numériques pour des étudiants issus de parcours traditionnels.},
  issue = {5},
  langid = {french},
  keywords = {Important,TNAH_hn_recherche},
  file = {/Users/EstebanSanchez/Google Drive/Bibliothèques/Bibliothèque Zotero/Alrahabi et al., 2022 - Des étudiants en lettres face aux humanités numériques - une expérience pédagogique.pdf}
}

@book{alto_editorial_board_alto_2004,
  title = {{{ALTO}}: {{Technical Metadata}} for {{Layout}} and {{Text Objects}}},
  shorttitle = {{{ALTO-XML}}},
  editor = {{ALTO Editorial Board}},
  date = {2004/},
  publisher = {{ALTO Editorial Board}},
  url = {https://www.loc.gov/standards/alto/},
  urldate = {2022-01-09},
  keywords = {Important,TNAH_hn_logiciels}
}

@misc{artlas_ocrcat_2021,
  title = {{{OCRCat}}: {{Data}} Pour {{OCR}}},
  author = {{Artlas} and {Katabase}},
  date = {2021},
  url = {https://github.com/katabase/OCRcat},
  urldate = {2022-08-01},
  keywords = {TNAH_hn_logiciels,TNAHartlas}
}

@book{associationfrancaisedactionartistiqueDeuxiemeBiennaleParis1961,
  title = {Deuxième {{Biennale}} de {{Paris}} : Manifestation Biennale et Internationale Des Jeunes Artistes Du 29 Septembre Au 5 Novembre 1961, {{Musée}} d'art Moderne de La Ville de {{Paris}} Org. Sous Les Auspices de l'{{Association}} Française d'action Artistique, Avec La Participation de La {{Radio-diffusion-télévision}} Française},
  author = {{Association française d'action artistique}},
  date = {1961},
  keywords = {TNAHexpo},
  annotation = {Context Object: ctx\_ver=Z39.88-2004\&rft\_val\_fmt=info\%3Aofi\%2Ffmt\%3Akev\%3Amtx\%3Abook\&rfr\_id=info\%3Asid\%2Farchimed.fr\%3AArchimed+Culture+et+Savoir\&rft.genre=book\&rft.btitle=Deuxième Biennale de Paris\&rft.pub=\&rft.place=\&rft.isbn=\&rft.date=},
  file = {/Users/EstebanSanchez/Zotero/storage/LHL4JHIJ/NoticesDetaillees.html}
}

@book{associationfrancaisedactionartistiqueQuatriemeBiennaleParis1965,
  title = {Quatrième Biennale de {{Paris}} : {{Manifestation Biennale}} et {{Internationale}} Des {{Jeunes Artistes}} : Du 29 Septembre Au 3 Novembre 1965 : {{Musée}} d'{{Art}} Moderne de La Ville de {{Paris}}},
  author = {{Association française d'action artistique}},
  date = {1965},
  keywords = {TNAHexpo},
  annotation = {Context Object: ctx\_ver=Z39.88-2004\&rft\_val\_fmt=info\%3Aofi\%2Ffmt\%3Akev\%3Amtx\%3Abook\&rfr\_id=info\%3Asid\%2Farchimed.fr\%3AArchimed+Culture+et+Savoir\&rft.genre=book\&rft.btitle=Quatrième biennale de Paris\&rft.pub=\&rft.place=\&rft.isbn=\&rft.date=},
  file = {/Users/EstebanSanchez/Zotero/storage/YYNI3LCZ/NoticesDetaillees.html}
}

@book{associationfrancaisedactionartistiqueSixiemeBiennaleParis1969,
  title = {Sixième Biennale de {{Paris}} : {{Manifestation Biennale}} et {{Internationale}} Des {{Jeunes Artistes}} : Du 2 Octobre Au 2 Novembre 1969 : {{Musée}} d'{{Art Moderne}} de La {{Ville}} de {{Paris}}},
  author = {{Association française d'action artistique}},
  date = {1969},
  keywords = {TNAHexpo},
  annotation = {Context Object: ctx\_ver=Z39.88-2004\&rft\_val\_fmt=info\%3Aofi\%2Ffmt\%3Akev\%3Amtx\%3Abook\&rfr\_id=info\%3Asid\%2Farchimed.fr\%3AArchimed+Culture+et+Savoir\&rft.genre=book\&rft.btitle=Sixième biennale de Paris\&rft.pub=\&rft.place=\&rft.isbn=\&rft.date=},
  file = {/Users/EstebanSanchez/Zotero/storage/ATYBHHGE/NoticesDetaillees.html}
}

@book{barbier_argile_2015,
  title = {De l'argile Au Nuage: Une Archéologie Des Catalogues ({{IIe}} Millénaire Av. {{J}}.-{{C}}. - {{XXIe}} Siècle)[Ouvrage Publié à l’occasion Des Expositions Organisées Par La {{Bibliothèque Mazarine}} \& La {{Bibliothèque}} de {{Genève}}, {{Paris}} 13 Mars - 15 Mai 2015, {{Genève}} 18 Septembre - 21 Novembre 2015],},
  author = {Barbier, Frédéric and Dubois, Thierry and Sordet, Yann and de Broglie, Gabriel},
  date = {2015},
  series = {Bibliothèques},
  edition = {Editions des Cendres},
  editora = {{Bibliothèque Mazarine} and {Bibliothèque de Geneve}},
  editoratype = {collaborator},
  keywords = {TNAHcatalogues}
}

@book{bartschererSwitchingCodesThinking2011,
  title = {Switching Codes: Thinking through Digital Technology in the Humanities and the Arts},
  shorttitle = {Switching Codes},
  author = {Bartscherer, Thomas and Coover, Roderick},
  date = {2011},
  publisher = {{University of Chicago Press}},
  location = {{Chicago}},
  url = {http://site.ebrary.com/id/10468508},
  urldate = {2022-08-25},
  abstract = {Half a century into the digital era, the profound impact of information technology on intellectual and cultural life is universally acknowledged but still poorly understood. The sheer complexity of the technology coupled with the rapid pace of change makes it increasingly difficult to establish common ground and to promote thoughtful discussion. Responding to this challenge, Switching Codes brings together leading American and European scholars, scientists, and artists--including Charles Bernstein, Ian Foster, Bruno Latour, Alan Liu, and Richard Powers--to consider how the precipitous growth of digital information and its associated technologies are transforming the ways we think and act. Employing a wide range of forms, including essay, dialogue, short fiction, and game design, this book aims to model and foster discussion between IT specialists, who typically have scant training in the humanities or traditional arts, and scholars and artists, who often understand little about the technologies that are so radically transforming their fields},
  isbn = {978-0-226-03832-2},
  langid = {english},
  pagetotal = {333},
  keywords = {TNAH_hn_recherche},
  annotation = {OCLC: 727763122}
}

@book{bartschererSwitchingCodesThinking2011a,
  title = {Switching Codes: Thinking through Digital Technology in the Humanities and the Arts},
  shorttitle = {Switching Codes},
  editor = {Bartscherer, Thomas and Coover, Roderick},
  date = {2011},
  publisher = {{University of Chicago Press}},
  location = {{Chicago ; London}},
  isbn = {978-0-226-03830-8 978-0-226-03831-5},
  langid = {english},
  pagetotal = {333},
  keywords = {Important},
  file = {/Users/EstebanSanchez/Zotero/storage/38QVPJNI/Bartscherer et Coover, 2011 - Switching codes thinking through digital technology in the humanities and the arts.pdf}
}

@misc{Basart,
  title = {Basart},
  url = {https://artlas.huma-num.fr/fr/bases-en-acces-libre/},
  keywords = {TNAH_hn_logiciels}
}

@article{baylyAHRConversationTransnational2006,
  title = {{{AHR Conversation}}: {{On Transnational History}}},
  shorttitle = {{{AHR Conversation}}},
  author = {Bayly, Christopher Alan and Beckert, Sven and Connelly, Matthew and Hofmeyr, Isabel and Kozol, Wendy and Seed, Patricia},
  date = {2006},
  journaltitle = {The American Historical Review},
  shortjournal = {Am Hist Rev},
  volume = {111},
  number = {5},
  pages = {1441--1464},
  issn = {0002-8762},
  doi = {10.1086/ahr.111.5.1441},
  url = {https://academic.oup.com/ahr/article/111/5/1441/10247},
  urldate = {2019-08-26},
  abstract = {AHR Editor: Transnational history is no longer new, but it does seem to be the latest incarnation of an approach that has successively been characterized as com},
  langid = {english},
  keywords = {Histoire globale,Important,lu,TNAHcatalogues},
  file = {/Users/EstebanSanchez/Google Drive/Bibliothèques/Bibliothèque Zotero/Bayly et al., 2006 - AHR Conversation - On Transnational History.pdf}
}

@misc{belaid_representation_2022,
  type = {text},
  title = {Représentation des données en XML pour l’analyse d’images de documents},
  author = {Belaïd, Abdel and Rangoni, Yves and Falk, Ingrid},
  url = {http://lodel.irevues.inist.fr/cide/index.php?id=147},
  urldate = {2022-07-11},
  abstract = {Nous présentons dans cet article l'utilisation du standard XML à la fois pour représenter les modèles de documents ainsi que pour décrire les résultats des différentes étapes de reconnaissance. Notre choix s'est porté sur ALTO pour la structure physique issue des OCR, sur la TEI pour la représentation de la structure logique reconnue par un système dédié, et enfin sur METS pour coordonner les deux dernières. Ne voulant pas toucher aux représentations internes des outils existants, nous avons proposé des transformations type XSL pour dériver ces formats XML. Les expérimentations menées à la fois sur la reconnaissance de documents modernes au niveau macro-structurel et sur des documents anciens au niveau micro-structurel montrent comment ce choix d'association permet de conserver les données cohérentes tout au long du processus mais aussi de proposer un résultat de rétro-conversion accessible, standardisé et pérenne.},
  langid = {french},
  keywords = {TNAH_hn_logiciels}
}

@book{benedite_exposition_1911,
  title = {Exposition Charles Cottet : Catalogue},
  shorttitle = {Exposition Charles Cottet},
  editor = {Bénédite, Léonce},
  date = {1911},
  abstract = {Exposition Charles Cottet : catalogue / préface par Léonce Bénédite – 1911 – livre},
  editoratype = {collaborator},
  keywords = {TNAHexpo_autres}
}

@incollection{berraFaireHumanitesNumeriques2012,
  title = {Faire des humanités numériques},
  booktitle = {Read/Write Book 2 : Une introduction aux humanités numériques},
  author = {Berra, Aurélien},
  editor = {Mounier, Pierre},
  date = {2012-09-21},
  series = {Read/Write Book},
  pages = {25--43},
  publisher = {{OpenEdition Press}},
  location = {{Marseille}},
  url = {http://books.openedition.org/oep/238},
  urldate = {2022-08-25},
  isbn = {978-2-8218-1325-0},
  langid = {french},
  keywords = {TNAH_hn_recherche}
}

@book{bertrand_dorleac_commerce_1992,
  title = {Le {{Commerce}} de l'art: De La Renaissance à Nos Jours},
  author = {Bertrand Dorléac, Laurence},
  date = {1992},
  edition = {Editions La Manufacture},
  location = {{Besançon}},
  keywords = {TNAHcatalogues}
}

@article{besseApprochesSpatialesDans2010,
  title = {Approches Spatiales Dans l'histoire Des Sciences et Des Arts},
  author = {Besse, Jean Marc},
  date = {2010},
  journaltitle = {L'Espace géographique},
  volume = {39},
  pages = {211--224},
  keywords = {Histoire de l'art/Visual studies,Histoire des sciences/épistémologie,Important,lu,Spatial Turn,théorie,TNAHcatalogues},
  file = {/Users/EstebanSanchez/Google Drive/Bibliothèques/Bibliothèque Zotero/Besse, 2010 - Approches spatiales dans l'histoire des sciences et des arts.pdf}
}

@article{bhatt_survey_2021,
  title = {A {{Survey}} of {{Graphical Page Object Detection}} with {{Deep Neural Networks}}},
  author = {Bhatt, Jwalin and Hashmi, Khurram Azeem and Afzal, Muhammad Zeshan and Stricker, Didier},
  date = {2021-01},
  journaltitle = {Applied Sciences},
  volume = {11},
  number = {12},
  doi = {10.3390/app11125344},
  url = {https://www.mdpi.com/2076-3417/11/12/5344},
  urldate = {2022-08-12},
  abstract = {In any document, graphical elements like tables, figures, and formulas contain essential information. The processing and interpretation of such information require specialized algorithms. Off-the-shelf OCR components cannot process this information reliably. Therefore, an essential step in document analysis pipelines is to detect these graphical components. It leads to a high-level conceptual understanding of the documents that make the digitization of documents viable. Since the advent of deep learning, deep learning-based object detection performance has improved many folds. This work outlines and summarizes the deep learning approaches for detecting graphical page objects in document images. Therefore, we discuss the most relevant deep learning-based approaches and state-of-the-art graphical page object detection in document images. This work provides a comprehensive understanding of the current state-of-the-art and related challenges. Furthermore, we discuss leading datasets along with the quantitative evaluation. Moreover, it discusses briefly the promising directions that can be utilized for further improvements.},
  copyright = {http://creativecommons.org/licenses/by/3.0/},
  langid = {english},
  keywords = {Important,TNAH_hn_logiciels}
}

@misc{bibliotheque_de_linha_bases_nodate,
  title = {Bases de Données Sur Le Marché de l’art},
  author = {{Bibliothèque de l'INHA}},
  url = {http://bibliotheque.inha.fr/iguana/www.main.cls?p=74469586-3948-11e2-a8f1-ac6f86effe00&v=2ca1bb8c-9a81-11ea-a5ae-5056b21d9100},
  urldate = {2022-07-11},
  keywords = {TNAH_hn_recherche}
}

@book{BienalMuseuArte1951,
  title = {Bienal Do {{Museu}} de {{Arte Moderna}} de {{São Paulo}}. {{Octubro}} a {{Dezembro}}},
  date = {1951},
  location = {{São Paulo}},
  url = {https://issuu.com/bienal/docs/name3fe634},
  keywords = {TNAHexpo}
}

@article{bon_propos_2013,
  title = {Propos Autour Du Catalogue d’expo…. {{Entretien}} Avec {{Roland Huesca}}},
  author = {Bon, Laurent Le and Huesca, Roland},
  date = {2013-07},
  journaltitle = {Le Portique. Revue de philosophie et de sciences humaines},
  number = {30},
  issn = {1283-8594},
  doi = {10.4000/leportique.2638},
  url = {http://journals.openedition.org/leportique/2638},
  abstract = {Laurent Le Bon, directeur du Centre Pompidou-Metz, dévoile au cours d’un entretien avec Roland Huesca l’histoire, les atours et les enjeux de l’écriture de plusieurs catalogues d’expositions : à l’affiche Dada, Chefs-d’œuvre ?...},
  keywords = {TNAHcatalogues}
}

@book{bonApresLivre2011,
  title = {Après Le Livre},
  author = {Bon, François},
  date = {2011},
  publisher = {{Seuil}},
  location = {{Paris}},
  keywords = {TNAHcatalogues}
}

@article{bourgattePourHumanismeNumerique2017,
  title = {Pour un humanisme numérique en éducation},
  author = {Bourgatte, Michaël},
  date = {2017-01-01},
  journaltitle = {Revue française des sciences de l’information et de la communication},
  number = {10},
  publisher = {{Société Française de Sciences de l’Information et de la Communication}},
  issn = {2263-0856},
  doi = {10.4000/rfsic.2652},
  url = {http://journals.openedition.org/rfsic/2652},
  urldate = {2022-08-25},
  abstract = {De nombreux enseignants-chercheurs en Sciences de l’information et de la communication ont depuis longtemps organisé leurs enseignements autour de l’exploration des processus de communication numérique, ainsi que de la maîtrise des technologies elles-mêmes. Légitimement, ces chercheurs s’interrogent sur l’émergence récente d’une pédagogie issue du courant des Humanités numériques (et de ses déclinaisons~: Digital Studies et autres Humanités digitales). D’emblée, il convient de dire que les SI...},
  issue = {10},
  langid = {french},
  keywords = {TNAH_hn_recherche},
  file = {/Users/EstebanSanchez/Zotero/storage/9KKA25GX/Bourgatte, 2017 - Pour un humanisme numérique en éducation.pdf}
}

@book{burnard_what_2014,
  title = {What Is the {{Text Encoding Initiative}}? : {{How}} to Add Intelligent Markup to Digital Resources},
  shorttitle = {What Is the {{Text Encoding Initiative}}?},
  author = {Burnard, Lou},
  date = {2014-04},
  series = {Encyclopédie Numérique},
  publisher = {{OpenEdition Press}},
  location = {{Marseille}},
  url = {http://books.openedition.org/oep/426},
  abstract = {The Text Encoding Initiative (TEI) Guidelines have long been regarded as the de facto standard for the preparation of digital textual resources in the scholarly research community. For the beginner, they offer a daunting range of possibilities, reflecting the huge range of potential applications for text encoding, from traditional scholarly editions, to language corpora, historical lexicons, digital archives and beyond. Drawing on many examples of TEI-encoded text from a variety of research domains, this simple and straightforward book is intended to help the beginner make their own choices from the full range of TEI options. It explains the XML technology used by the TEI in language accessible to the non-technical reader and provides a guided tour of the many parts of the TEI universe, and how it may be customized to suit an individual project’s needs. This work has been produced with the support of Labex Hastec.},
  copyright = {CC BY-NC-ND 3.0 FR},
  isbn = {978-2-8218-3460-6},
  langid = {english},
  keywords = {TNAH_hn_logiciels}
}

@book{burnardQuEstceQue2015,
  title = {Qu’est-ce que la Text Encoding Initiative ?},
  author = {Burnard, Lou},
  date = {2015},
  publisher = {{OpenEdition Press}},
  location = {{Marseille}},
  abstract = {Les Guidelines de la Text Encoding Initiative (TEI) sont depuis longtemps considérées comme le standard de fait pour la préparation de ressources textuelles numériques dans la communauté académique. Elles offrent au débutant un éventail de possibilités qui peut paraître intimidant, mais qui reflète l’impressionnante étendue des applications possibles pour l’encodage de texte, depuis les éditions critiques traditionnelles jusqu’aux corpus linguistiques, aux lexiques historiques, aux archives numériques et au-delà. Utilisant de nombreux exemples de textes encodés en TEI issus de domaines variés, ce livre simple et direct est destiné à aider le débutant à faire ses propres choix parmi les multiples options offertes par la TEI. Il explique la technologie XML utilisée par la TEI d’une manière accessible au lecteur dépourvu de formation technique, et offre une visite guidée des dédales de l’univers de la TEI, et de la façon dont elle peut être personnalisée pour répondre aux besoins d’un projet particulier. Cet ouvrage a été réalisé avec le soutien de la région Provence-Alpes-Côte d’Azur.},
  isbn = {978-2-8218-5581-6},
  langid = {french},
  pagetotal = {118},
  keywords = {TNAH_hn_logiciels}
}

@online{canope94EnseignerHumanitesNumeriques2021,
  title = {Enseigner Les {{Humanités Numériques}}, de Quoi Parlons-Nous ?},
  author = {Canopé 94, Atelier},
  date = {2021-06-10T14:03:01},
  url = {https://medium.com/humanit%C3%A9s-num%C3%A9riques-et-%C3%A9ducation/enseigner-les-humanit%C3%A9s-num%C3%A9riques-de-quoi-parlons-nous-2b23a214c00d},
  urldate = {2022-08-25},
  abstract = {ACME saison 0, épisode 1},
  langid = {english},
  organization = {{Humanités Numériques et Éducation}},
  keywords = {TNAH_hn_recherche},
  file = {/Users/EstebanSanchez/Zotero/storage/R6MB5GJN/enseigner-les-humanités-numériques-de-quoi-parlons-nous-2b23a214c00d.html}
}

@book{castagnaryExpositionOeuvresGustave1882,
  title = {Exposition Des Oeuvres de Gustave Courbet à l'école Des Beaux-Arts (Mai 1882)},
  editor = {Castagnary, Jules-Antoine},
  date = {1882},
  location = {{Paris}},
  url = {https://gallica.bnf.fr/ark:/12148/bpt6k6574415d?rk=21459;2},
  abstract = {Exposition des oeuvres de Gustave Courbet à l'école des Beaux-Arts (mai 1882) / [catalogue par Castagnary] – 1882 – livre},
  keywords = {TNAHexpo}
}

@book{CatalogueDixhuitiemeExposition1860,
  title = {Catalogue de La Dix-Huitième Exposition Annuelle Du Musée de {{Rouen}}},
  date = {1860},
  publisher = {{Veuve A. Surville}},
  location = {{Rouen}},
  url = {https://gallica.bnf.fr/ark:/12148/bpt6k1181800p.r=Catalogue%20de%20La%20Dix-Huiti%C3%A8me%20Exposition%20Annuelle%20Du%20Mus%C3%A9e%20de%20Rouen?rk=21459;2},
  keywords = {TNAHexpo}
}

@book{CatalogueOuvragesPeinture1863,
  title = {Catalogue Des Ouvrages de Peinture, Sculpture, Gravure, Lithographie et Architecture : Refusés Par Le {{Jury}} de 1863 et Exposés, Par Décision de {{S}}.{{M}}. l'{{Empereur}} Au Salon Annexe, Palais Des {{Champs-Elysées}}, Le 15 Mai 1863},
  date = {1863},
  publisher = {{les Beaux-arts}},
  location = {{Paris}},
  url = {https://gallica.bnf.fr/ark:/12148/bpt6k114147v},
  keywords = {TNAHexpo}
}

@book{CatalogueQuinziemeExposition1853,
  title = {Catalogue de La Quinzième Exposition Annuelle Du Musée de {{Rouen}}},
  date = {1853},
  publisher = {{Veuve A. Surville}},
  location = {{Rouen}},
  url = {https://gallica.bnf.fr/ark:/12148/bpt6k1181799g.image},
  keywords = {TNAHexpo}
}

@book{CatalogueSalonRose1893,
  title = {Catalogue Du {{Salon}} de La {{Rose}} † {{Croix}} : {{Geste}} Esthétique},
  date = {1893},
  publisher = {{Librairie Nilsson}},
  location = {{Paris}},
  url = {https://gallica.bnf.fr/ark:/12148/bpt6k5470406r.r=catalogue+salon.langFR#},
  keywords = {TNAHexpo}
}

@book{CatalogueSeiziemeExposition1856,
  title = {Catalogue de La Seizième Exposition Annuelle Du Musée de {{Rouen}}},
  date = {1856},
  publisher = {{Veuve A. Surville}},
  location = {{Rouen}},
  url = {https://gallica.bnf.fr/ark:/12148/bpt6k1181800p},
  keywords = {TNAHexpo}
}

@book{CatalogueTrentedeuxiemeExposition1891,
  title = {Catalogue de La Trente-Deuxième Exposition Annuelle Du Musée de {{Rouen}}},
  date = {1891},
  publisher = {{Imprimerie Juliel Leclerf}},
  location = {{Rouen}},
  url = {https://gallica.bnf.fr/ark:/12148/bpt6k1181805r?rk=21459;2},
  keywords = {TNAHexpo}
}

@book{CatalogueTrentequatriemeExposition1895,
  title = {Catalogue de La Trente-Quatrième Exposition Annuelle Du Musée de {{Rouen}}},
  date = {1895},
  publisher = {{Imprimerie Juliel Leclerf}},
  location = {{Rouen}},
  url = {https://gallica.bnf.fr/ark:/12148/bpt6k11806295?rk=21459;2},
  keywords = {TNAHexpo}
}

@book{CatalogueTrenteuniemeExposition1888,
  title = {Catalogue de La Trente-Unième Exposition Annuelle Du Musée de {{Rouen}}},
  date = {1888},
  publisher = {{Imprimerie Juliel Leclerf}},
  location = {{Rouen}},
  url = {https://gallica.bnf.fr/ark:/12148/bpt6k1181804b?rk=21459;2},
  keywords = {TNAHexpo}
}

@book{CatalogueVingtdeuxiemeExposition1869,
  title = {Catalogue de La Vingt-Deuxième Exposition Annuelle Du Musée de {{Rouen}}},
  date = {1869},
  publisher = {{J. Lecerf}},
  location = {{Rouen}},
  url = {https://gallica.bnf.fr/ark:/12148/bpt6k1181045h?rk=21459;2},
  keywords = {TNAHexpo}
}

@book{CatalogueVingtsixiemeExposition1878,
  title = {Catalogue de La Vingt-Sixième Exposition Annuelle Du Musée de {{Rouen}}},
  date = {1878},
  publisher = {{J. Lecerf}},
  location = {{Rouen}},
  url = {https://gallica.bnf.fr/ark:/12148/bpt6k11818013?rk=21459;2},
  keywords = {TNAHexpo}
}

@book{CatalogueVingttroisiemeExposition1872,
  title = {Catalogue de La Vingt-Troisième Exposition Annuelle Du Musée de {{Rouen}}},
  date = {1872},
  publisher = {{J. Lecerf et Duval}},
  location = {{Rouen}},
  url = {https://gallica.bnf.fr/ark:/12148/bpt6k1181046x?rk=21459;2},
  keywords = {TNAHexpo}
}

@book{ceciQuellesHumanitesNumeriques2016,
  title = {Quelles {{Humanités}} Numériques Pour l’éducation ?},
  author = {Céci, Jean-François and Bourgatte, Mickael and Ferloni, Mikael and Tessier, Laurent},
  date = {2016-10-14},
  abstract = {Le mouvement des Humanités numériques interroge radicalement les sciences humaines et leurs rapports aux technologies. Ce faisant, ce mouvement croise aussi la question de l'enseignement et de l'éducation au numérique. La perspective des Humanités numériques irrigue de manière à la fois réflexive et critique le développement de pratiques technologiques dans les institutions d'enseignement, mais aussi partout où se joue la démocratisation et l'accès ouvert à la culture et au savoir. Les contributions rassemblées dans cet ouvrage permettent d'imaginer les apports possibles des Humanités numériques pour l'éducation. Ces réflexions croisées ont été produites à l'occasion du premier Edcamp organisé en France. Afin de rendre compte de cet événement hybride, ses participants ont été mis à contribution afin de réaliser une trace collective qui ne soit pas de simples « actes » de colloque : prises de notes collaboratives réalisées en temps réel, tweets, photos et vidéos permettent de donner une idée de la vitalité des expérimentations actuellement en cours autour des humanités et de l'éducation au numérique.},
  isbn = {979-10-92305-19-7},
  keywords = {TNAH_hn_recherche}
}

@inproceedings{chague_htr-united_2021,
  title = {{{HTR-United}} : {{Mutualisons}} La Vérité de Terrain !},
  shorttitle = {{{HTR-United}}},
  booktitle = {\#dhnord2021 - {{Publier}}, Partager, Réutiliser Les Données de La Recherche : Les Data Papers et Leurs Enjeux},
  author = {Chagué, Alix and Clérice, Thibault and Romary, Laurent},
  date = {2021-10},
  location = {{Lille, France}},
  url = {https://hal.archives-ouvertes.fr/hal-03398740},
  urldate = {2022-01-09},
  eventtitle = {\#dhnord2021},
  keywords = {Important,TNAH_hn_logiciels},
  file = {/Users/EstebanSanchez/Google Drive/Bibliothèques/Bibliothèque Zotero/Chagué et al., 2021 - HTR-United - Mutualisons la vérité de terrain !.pdf}
}

@misc{chagueConditionsMutualisationPrincipes2022,
  title = {Conditions de La Mutualisation : Les Principes {{FAIR}} et {{HTR-United}}},
  shorttitle = {Conditions de La Mutualisation},
  author = {Chagué, Alix},
  date = {2022-05},
  url = {https://hal.inria.fr/hal-03685731},
  urldate = {2022-08-30},
  keywords = {TNAH_hn_logiciels},
  annotation = {Published: Humanistica 2022},
  file = {/Users/EstebanSanchez/Google Drive/Bibliothèques/Bibliothèque Zotero/Chagué, 2022 - Conditions de la mutualisation - les principes FAIR et HTR-United.pdf}
}

@inproceedings{chagueSharingHTRDatasets2022,
  title = {Sharing {{HTR}} Datasets with Standardized Metadata: The {{HTR-United}} Initiative},
  shorttitle = {Sharing {{HTR}} Datasets with Standardized Metadata},
  booktitle = {Documents Anciens et Reconnaissance Automatique Des Écritures Manuscrites},
  author = {Chagué, Alix and Clérice, Thibault},
  date = {2022-06},
  publisher = {{CREMMALab}},
  location = {{Paris, France}},
  url = {https://hal.inria.fr/hal-03703989},
  urldate = {2022-08-30},
  keywords = {TNAH_hn_logiciels},
  file = {/Users/EstebanSanchez/Google Drive/Bibliothèques/Bibliothèque Zotero/Chagué et Clérice, 2022 - Sharing HTR datasets with standardized metadata - the HTR-United initiative.pdf}
}

@article{chante_notion_2013,
  title = {La notion de catalogue : de l’imprimé au numérique},
  shorttitle = {La notion de catalogue},
  author = {Chante, Alain},
  date = {2013},
  journaltitle = {Culture \& Musées},
  volume = {21},
  number = {1},
  pages = {131--152},
  doi = {10.3406/pumus.2013.1735},
  url = {https://www.persee.fr/doc/pumus_1766-2923_2013_num_21_1_1735},
  abstract = {La noción de catálogo : de lo impreso a lo digital. Bibliotecas y museos disponen de una antigua herramienta común que participó en su imagen y estructuró su funcionamiento. El catálogo, término que viene de “ leer de arriba para abajo”, proviene de la necesidad del inventario y de la clasifi cación. Está ligado a las ideas de agrupamiento, de nombramiento, de serie, de orden, de memoria. Las tendencias a la especialización han tendido a separarlos, a orientarlos hacia mediaciones específi cas – referencia y exposición –, pero las evoluciones recientes de las tecnologías y de las demandas de los usuarios conducen a la síntesis, a lo híbrido y a la interconexión. Nuevas mediaciones aparecen, dando un nuevo horizonte al catálogo, que será más espacial que lineal.},
  copyright = {free},
  langid = {fre},
  keywords = {TNAHcatalogues}
}

@book{chaubetMondialisationCulturelle2013,
  title = {La mondialisation culturelle},
  author = {Chaubet, François},
  date = {2013},
  publisher = {{Presses Universitaires de France}},
  location = {{Paris}},
  url = {http://www.cairn.info/numero.php?ID_NUMPUBLIE=PUF_CHAUB_2013_01},
  urldate = {2019-07-18},
  abstract = {Regarder CNN, faire ses études en Espagne, accomplir des voyages lointains, apprécier localement des artistes qui œuvrent et exposent partout dans le monde, regarder la coupe du monde de football, telles sont quelques-unes des pratiques culturelles courantes aujourd’hui. Elles sont l’expression d’une mondialisation qui se déploie depuis le XIXe siècle. Ce nouveau monde issu de la globalisation inquiète. Certains dénoncent la « cocacolonisation » de la planète ou la naissance d’un « Mcworld » qui contracte les deux entités Mac Donald et Macintosh (Apple) quand d’autres pointent les phénomènes de replis identitaires que cette mondialisation génère. D’autres encore chantent les louanges de ce monde en voie de métissage. Cet ouvrage invite à comprendre les origines et les mécanismes actuels de ces circulations culturelles. Il interroge surtout les lectures faites de ce phénomène : s’agit-il de convergence culturelle ? d’impérialisme ? de « Choc des civilisations », ou plus finement d’hybridation et de «~glocalisation~» ?},
  langid = {french},
  keywords = {Histoire globale,TNAHcatalogues},
  annotation = {OCLC: 859457552}
}

@article{clausner_efficient_2019,
  title = {Efficient and Effective {{OCR}} Engine Training},
  author = {Clausner, Christian and Antonacopoulos, Apostolos and Pletschacher, Stefan},
  date = {2019-10-09},
  journaltitle = {International Journal on Document Analysis and Recognition (IJDAR)},
  shortjournal = {International Journal on Document Analysis and Recognition (IJDAR)},
  doi = {10.1007/s10032-019-00347-8},
  abstract = {We present an efficient and effective approach to train OCR engines using the Aletheia document analysis system. All components required for training are seamlessly integrated into Aletheia: training data preparation, the OCR engine’s training processes themselves, text recognition, and quantitative evaluation of the trained engine. Such a comprehensive training and evaluation system, guided through a GUI, allows for iterative incremental training to achieve best results. The widely used Tesseract OCR engine is used as a case study to demonstrate the efficiency and effectiveness of the proposed approach. Experimental results are presented validating the training approach with two different historical datasets, representative of recent significant digitisation projects. The impact of different training strategies and training data requirements is presented in detail.},
  keywords = {TNAH_hn_logiciels}
}

@misc{consortiumtei_guidelines_2021,
  title = {{{TEI P5}} : {{Guidelines}} for Electronic Text Encoding and Interchange},
  author = {TEI, Consortium},
  date = {2021},
  url = {https://zenodo.org/record/5347789#.YTCYsI5KjIU},
  urldate = {2022-07-05},
  keywords = {TNAH_hn_logiciels}
}

@thesis{corbieres_du_2020,
  type = {mémoire de master Technologies numériques appliquées à l'histoire, dir. Thibault Clérice et Béatrice Joyeux-Prunel},
  title = {Du Catalogue Au Fichier {{TEI}}: {{Création}} d'un Workflow Pour Encoder Automatiquement En {{XML-TEI}} Des Catalogues d'exposition},
  author = {Corbières, Caroline},
  date = {2020},
  institution = {{Ecole nationale des Chartes}},
  location = {{Paris}},
  keywords = {TNAHstages}
}

@book{dacostakaufmannGeographyArt2004,
  title = {Towards a {{Geography}} of {{Art}}},
  author = {DaCosta Kaufmann, Thomas},
  date = {2004},
  publisher = {{University of Chicago Press}},
  location = {{Chicago}},
  keywords = {TNAHcatalogues}
}

@book{dastonObjectivity2007,
  title = {Objectivity},
  author = {Daston, Lorraine and Galison, Peter},
  date = {2007},
  publisher = {{Zone Books}},
  location = {{New York}},
  isbn = {978-2-84066-334-8},
  langid = {french},
  keywords = {Histoire des sciences/épistémologie,Important,lu,théorie,TNAHcatalogues},
  annotation = {OCLC: 884881222}
}

@inproceedings{debouyEnseignerHumanitesNumeriques2020,
  title = {Enseigner En Humanités Numériques : Comment Enseigner l'autonomie ?},
  booktitle = {La Mise En Øeuvre Des Humanités Numériques Dans Les Pratiques Pédagogiques En {{SHS}}},
  author = {Debouy, Estelle and Idmhand, Fatiha},
  date = {2020-12},
  location = {{Maison de la Recherche de l'université Paris 8, France}},
  url = {https://hal.archives-ouvertes.fr/hal-03313016},
  urldate = {2022-08-25},
  abstract = {Depuis la rentrée 2018, tous les étudiants de l’UFR Lettres et Langues de l’université de Poitiers suivent en licence une UE d’informatique : les enseignements assurés jusqu’au semestre 3 sont conçus pour leur permettre d’acquérir des bases solides en vue de présenter la certification PIX ; en troisième année, les enseignements intitulés « humanités numériques » suivent quant à eux de plus près les différentes spécialités des licences et permettent aux étudiants de comprendre comment l’informatique s’applique à leur discipline. En mettant en œuvre ce programme, qui intègre des temps de travail en ligne de commande, des scripts bash, l’étude de langages de balisage (markdown), de description (LATEX, XML, HTML) ou de programmation (Python), et qui vise une certification informatique (PIX), nous nous sommes heurtés à des difficultés plus inattendues qui concernent l’installation de logiciels, notamment lorsque ceux-ci ne font pas partie des librairies prévues par les constructeurs des machines. Entre peur et réticence, les étudiant(e)s semblent parfois prisonniers de ce qui a été fourni par les grands éditeurs de logiciels. Comment contourner cet écueil et donner à nos étudiants l’autonomie indispensable à tout enseignement des Humanités numériques ? Nous souhaitons présenter ici les moyens que nous tentons de mettre en œuvre pour les y conduire.},
  keywords = {Important,TNAH_hn_recherche},
  file = {/Users/EstebanSanchez/Zotero/storage/5MSZEGEC/hal-03313016.html}
}

@report{dedieu_rendre_2015,
  title = {Rendre Publics Ses Jeux de Données Scientifiques},
  author = {Dedieu, Laurence and Marie-Françoise, Fily},
  date = {2015},
  pages = {6},
  institution = {{CIRAD}},
  location = {{Montpellier}},
  doi = {10.18167/COOPIST/0059},
  url = {https://coop-ist.cirad.fr/gerer-des-donnees/rendre-publics-ses-jeux-de-donnees/1-qu-est-ce-qu-une-donnee-scientifique-un-jeu-de-donnees-une-base-de-donnees},
  urldate = {2022-08-26},
  keywords = {Important,TNAH_hn_recherche}
}

@book{devauchelleCommentNumeriqueTransforme2012,
  title = {Comment le numérique transforme les lieux de savoirs: le numérique au service du bien commun et de l'accès au savoir pour tous},
  shorttitle = {Comment le numérique transforme les lieux de savoirs},
  author = {Devauchelle, Bruno},
  date = {2012},
  series = {Société de la connaissance},
  publisher = {{Fyp éditions}},
  location = {{Paris}},
  url = {http://catalogue.bnf.fr/ark:/12148/cb42627540h},
  urldate = {2022-09-06},
  abstract = {Aujourd'hui, l'ensemble du monde pédagogique et des institutions du savoir est profondément déstabilisé par le numérique. Pour les écoles, cela bouleverse les méthodes de transmission des connaissances. Pour les bibliothèques, cela transforme radicalement le rôle du bibliothécaire. Enfin, pour les musées, cela oblige à passer d'un modèle de conservation à un modèle de partage et de diffusion. Pour tous ces acteurs, et pour nous tous, cela pose de nouvelles questions sur l'accès au savoir dans notre société toujours plus numérique. Cet ouvrage, dresse un panorama complet et sans concession sur les mutations en court et propose aussi des pistes concrètes pour que le numérique soit au service des individus et du bien commun. (payot.ch)},
  isbn = {978-2-916571-61-4},
  langid = {fre},
  pagetotal = {191},
  keywords = {TNAH_hn_recherche},
  annotation = {OCLC: 783002097}
}

@book{DodicesimaEsposizioneInternazionale1920,
  title = {Dodicesima Esposizione Internazionale d'arte Della Città Di {{Venezia}}. {{Catalogo Ilustrato}}},
  date = {1920},
  publisher = {{Casa editrice d'arte Bestetti \& Tumminelli}},
  location = {{Venezia}},
  url = {https://catalog.hathitrust.org/Record/000642649},
  keywords = {TNAHexpo}
}

@article{dossin_applying_2017,
  title = {Applying {{VGI}} to Collaborative Research in the Humanities: The Case of {{ARTL}}@{{S}}},
  shorttitle = {Applying {{VGI}} to Collaborative Research in the Humanities},
  author = {Dossin, Catherine and Kong, Nicole Ningning and Joyeux-Prunel, Béatrice},
  date = {2017-11},
  journaltitle = {Cartography and Geographic Information Science},
  volume = {44},
  number = {6},
  pages = {521--538},
  issn = {1523-0406, 1545-0465},
  doi = {10.1080/15230406.2016.1216804},
  url = {https://www.tandfonline.com/doi/full/10.1080/15230406.2016.1216804},
  urldate = {2021-04-14},
  keywords = {TNAHartlas}
}

@article{dossinSpatialDigitalArt2015,
  title = {Towards a {{Spatial}} ({{Digital}}) {{Art History}}},
  author = {Dossin, Catherine},
  date = {2015-06-11},
  journaltitle = {Artl@s Bulletin},
  volume = {4},
  number = {1},
  issn = {2264-2668},
  url = {https://docs.lib.purdue.edu/artlas/vol4/iss1/1},
  keywords = {Important,TNAH_hn_recherche,TNAHcatalogues},
  file = {/Users/EstebanSanchez/Zotero/storage/G748EGVW/1.html}
}

@book{elkinsArtHistoryGlobal2007,
  title = {Is {{Art History Global}}?},
  author = {Elkins, James},
  date = {2007},
  publisher = {{Routledge}},
  location = {{New York}},
  keywords = {TNAHcatalogues}
}

@misc{ExtractionCatalogs,
  title = {{{extractionCatalogs}}},
  url = {https://github.com/IMAGO-Catalogues-Jjanes/extractionCatalogs},
  keywords = {TNAH_hn_logiciels}
}

@article{fickersExperimentalMediaArchaeology,
  title = {Experimental {{Media Archaeology}}: {{A Plea}} for {{New Directions}}},
  shorttitle = {Experimental {{Media Archaeology}}},
  author = {Fickers, Andreas},
  journaltitle = {Annie van den Oever (ed.). Technē/Technology Researching Cinema and Media Technologies – Their Development, Use, and Impact (Amsterdam: Amsterdam University Press, 2013), pp. 272-278.},
  url = {https://www.academia.edu/5578016/Experimental_Media_Archaeology_A_Plea_for_New_Directions},
  urldate = {2018-09-09},
  abstract = {The history of media archaeology has been a history of discourse-oriented analysis. Friedrich Kittler, the intellectual father of media archaeology, inspired a focus on the materiality of the medium from the early 1980s onwards to lay bare the},
  langid = {english},
  keywords = {Histoire des sciences/épistémologie,TNAHcatalogues},
  file = {/Users/EstebanSanchez/Zotero/storage/N5BGZNJU/Experimental_Media_Archaeology_A_Plea_for_New_Directions.html}
}

@misc{FONDUE,
  title = {{{FOrmes}} Numérisées et Déttection Unifiée Des Ecritures},
  author = {Gabay, Simon},
  date = {2021},
  url = {https://www.unige.ch/lettres/humanites-numeriques/index.php/?cID=188},
  keywords = {Important,TNAH_hn_logiciels}
}

@misc{FoNDUE,
  title = {{{FoNDUE}}},
  url = {https://github.com/FoNDUE-HTR/}
}

@article{frau-meigsCreativiteEducationAux2019,
  title = {Créativité, éducation aux médias et à l’information, translittératie : vers des humanités numériques},
  shorttitle = {Créativité, éducation aux médias et à l’information, translittératie},
  author = {Frau-Meigs, Divina},
  date = {2019-02-05},
  journaltitle = {Quaderni. Communication, technologies, pouvoir},
  number = {98},
  pages = {87--105},
  publisher = {{Les éditions de la Maison des sciences de l’Homme}},
  issn = {2105-2956},
  doi = {10.4000/quaderni.1482},
  url = {http://journals.openedition.org/quaderni/1482},
  urldate = {2022-08-25},
  abstract = {Autrefois, la créativité n’était pas une priorité péda­gogique. Aujourd’hui, les enseignants et les artistes se réinventent «~geeks~» ou «~designers~» de contenus. De manière croissante, les modèles scientifiques sont en train de donner une nouvelle forme à la «~créati­vité~» à travers le Web, combinant «~médiation~» et «~médiatisation~» afin de construire un répertoire des «~e-strategies~» en «~humanités créatives~». Ce renou­vellement des études créatives modifie les Humanités classiques en les invitant à une forme de coopération interdisciplinaire. La translittératie définie comme la convergence de l’éducation aux médias, de l’éducation à l’information et de l’informatique rend possible l’autonomisation. Ce projet rend possible de nouveaux modes cognitifs d’apprentissage partagés, centrés sur l’apprenant, libérés de l’aspect technologique dans la perspective d’une alliance SMILE (Synergies for Media and Information Littératies) élaborée dans un cadre européen de gouvernance multipartite lui-même rendu nécessaire par l’information complexe et la culture des connaissances.},
  issue = {98},
  langid = {french},
  keywords = {TNAH_hn_recherche},
  file = {/Users/EstebanSanchez/Google Drive/Bibliothèques/Bibliothèque Zotero/Frau-Meigs, 2019 - Créativité, éducation aux médias et à l’information, translittératie - vers des humanités numériques.pdf}
}

@misc{fuchs_regex_2021,
  title = {Expressions Régulières et Parsing},
  author = {Fuchs, Patrick and Poulain, Pierre},
  date = {2021},
  url = {https://python.sdv.univ-paris-diderot.fr/16_expressions_regulieres/},
  urldate = {2022-08-21},
  keywords = {Important,TNAH_hn_logiciels}
}

@online{gabay_19th_nodate,
  title = {19th Fixed-Price and Auction Catalogues: {{Ground Truth}} and {{Models}} for {{OCR}}. {{GitHub}}},
  author = {Gabay, Simon and Petkovic, Ljudmila},
  url = {https://github.com/ljpetkovic/OCR-cat},
  urldate = {2020-07-30},
  abstract = {Contribute to ljpetkovic/OCR-cat development by creating an account on GitHub.},
  langid = {english},
  keywords = {TNAH_hn_logiciels}
}

@misc{gabay_cours_2020_01_strasbourgocrmd_2020,
  title = {Cours Sur l'{{OCR}} et {{GROBID}}},
  author = {Gabay, Simon},
  date = {2020},
  url = {https://github.com/gabays/Cours_2020_01_Strasbourg},
  urldate = {2022-08-14},
  abstract = {Cours OCR+GROBID},
  langid = {english},
  keywords = {TNAH_hn_logiciels}
}

@inproceedings{gabay_segmonto_2021,
  title = {{{SegmOnto}}: Common Vocabulary and Practices for Analysing the Layout of Manuscripts (and More)},
  booktitle = {Proceedings of the 1st International Workshop on Computational Paleography, {{IWCP}}@{{ICDAR}} 2021},
  author = {Gabay, Simon and Camps, Jean-Baptiste and Pinche, Ariane and Jahan, Claire},
  date = {2021-09},
  series = {Lecture Notes in Computer Science},
  publisher = {{Springer}},
  location = {{Lausanne (Switzerland)}},
  url = {https://hal.archives-ouvertes.fr/hal-03336528},
  eventtitle = {1st International Workshop on Computational Paleography {{IWCP}}},
  keywords = {Important,TNAH_hn_logiciels}
}

@article{gabayFourthParadigmDigital2022,
  title = {Towards the {{Fourth Paradigm From}} Digital Facsimiles of Historical Documents to Highly Annotated Data},
  author = {Gabay, Simon and Pinche, Ariane and Carboni, Nicola and Camps, Jean-Baptiste and Bartz, Alexandre and Viaccoz, Cédric and Christensen, Kelly},
  date = {2022},
  pages = {14},
  abstract = {igitising documents, especially historical ones, remains an important challenge. Philologists, as well as historians and art historians, need digitisation tools in order to offer new ways of ”reading” the sources they study. This paper presents a complete pipeline for mass digitisation, starting from digital facsimiles and leading to highly enriched data. In addition to the acquisition task (HTR), we describe a procedure which transforms the text into mineable information, including lemmas, parts of speech, full morphology, named entities and linguistic normalisation. The result is distributed in various formats used by digital humanists (TEI, RDF, IIIF. . . ), following available standards and good practices. This pipeline is primarily designed for French textual sources, whether they be manuscripts or antique books, from the Middle Ages up to the Revolution, but it could also be implemented for texts in any language and of any period. Alongside the technical aspects, we also address key questions concerning the cooperation between research teams and curatorial institutions; the former produce new information while the latter conserve the original document}
}

@article{gabaySegmOntoControlledVocabulary2022,
  title = {{{SegmOnto}} - {{A Controlled Vocabulary}} to {{Describe}} and {{Process Historical Textual Sources}}},
  author = {Gabay, Simon and Camps, Jean-Baptiste and Pinche, Ariane and Christensen, Kelly},
  date = {2022},
  pages = {19},
  keywords = {TNAH_hn_logiciels}
}

@misc{galoin_salon_nodate,
  title = {Le Salon de la Rose-Croix},
  author = {GALOIN, Alain},
  url = {https://histoire-image.org/fr/etudes/salon-rose-croix},
  urldate = {2022-07-18},
  abstract = {Découvrez Le Salon de la Rose-Croix analysée par Alain GALOIN au travers d’œuvres et d’images d’archive. Tout le mysticisme oriental de ce personnage original transparaît sur cette photographie prise par le photographe belge Walter Damry vers 1895. Depuis la publication de son livre Istar, Joséphin Péladan se pare du titre de Sâr - hérité, prétend-il, d’un ancêtre roi babylonien - et du prénom Mérodack. Il porte désormais un costume oriental et se décrit lui-même «\&nbsp;drapé d’un burnous noir en poil de chameau filamenté de fils d’or, en velours vieux bleu, botté de daim, et, comme Absalon, chevelu […], la barbe ointe d’huile de cèdre.\&nbsp;». Grisé par le succès de son Vice suprême et par la curiosité},
  langid = {french},
  keywords = {TNAHcatalogues}
}

@article{gefenEnjeuxEpistemologiquesHumanites2015,
  title = {Les enjeux épistémologiques des humanités numériques},
  author = {Gefen, Alexandre},
  date = {2015},
  journaltitle = {Socio. La nouvelle revue des sciences sociales},
  number = {4},
  pages = {61--74},
  publisher = {{Éditions de la maison des sciences de l’homme}},
  issn = {2266-3134},
  doi = {10.4000/socio.1296},
  url = {http://journals.openedition.org/socio/1296},
  urldate = {2022-08-25},
  abstract = {En sciences humaines comme en science dures, les numérisations massives des textes et des données produisent depuis plus d’une décennie des big data ou long data ouvrant des pistes de recherche novatrices. Mais les méthodes critiques qui les accompagnent ont des enjeux épistémologiques, institutionnels et pédagogiques considérables. Dans ce qu’on appelle désormais les « humanités numériques », la lecture à distance de corpus constitués par des cartes et graphes offre une forme spécifique de savoir et un paradigme méthodologique et épistémologique qu’il importe de saisir dans toute sa puissante heuristique, sans se laisser entraîner par l’idée naïve d’une production transparente de savoirs par moissonnage des corpus, masse de données qui restent des artéfacts muets en l’absence d’une herméneutique spécifique.},
  isbn = {9782735120352},
  issue = {4},
  langid = {french},
  keywords = {Important,TNAH_hn_recherche},
  file = {/Users/EstebanSanchez/Google Drive/Bibliothèques/Bibliothèque Zotero/Gefen, 2015 - Les enjeux épistémologiques des humanités numériques.pdf}
}

@misc{Git,
  title = {Git},
  url = {https://git-scm.com/},
  keywords = {TNAH_hn_logiciels}
}

@misc{Github,
  title = {Github},
  url = {https://github.com/},
  keywords = {TNAH_hn_logiciels}
}

@misc{goncerut_les_2017,
  title = {Les Catalogues d'exposition: Gros Plan Sur Ces Ouvrages d'art Devenus Incontournables},
  author = {Goncerut, Véronique},
  date = {2017-03},
  url = {https://blog.mahgeneve.ch/les-catalogues-dexposition/},
  editora = {Marozeau, Maureen},
  editoratype = {collaborator},
  keywords = {TNAHcatalogues}
}

@article{hauchecorneHumanitesScientifiquesSelon2012,
  title = {Les « humanités scientifiques » selon Bruno Latour},
  author = {Hauchecorne, Mathieu},
  date = {2012},
  journaltitle = {Critique},
  volume = {786},
  number = {11},
  pages = {933--948},
  publisher = {{Éditions de Minuit}},
  issn = {0011-1600},
  url = {https://www-cairn-info.proxy.chartes.psl.eu/revue-critique-2012-11-page-933.htm},
  urldate = {2020-11-21},
  langid = {french},
  keywords = {nature-culture/anthropologie,TNAHcatalogues},
  file = {/Users/EstebanSanchez/Google Drive/Bibliothèques/Bibliothèque Zotero/Hauchecorne, 2012 - Les « humanités scientifiques » selon Bruno Latour.pdf}
}

@book{hirschDigitalHumanitiesPedagogy2012,
  title = {Digital {{Humanities Pedagogy}}: {{Practices}}, {{Principles}} and {{Politics}}},
  author = {Hirsch, Brett D},
  date = {2012},
  publisher = {{OpenBook Publisher}},
  langid = {english},
  pagetotal = {450},
  keywords = {TNAH_hn_recherche},
  file = {/Users/EstebanSanchez/Zotero/storage/JUZBD77R/Hirsch, Digital Humanities Pedagogy Practices, Principles and Politics.pdf}
}

@book{houssais_marches_2010,
  title = {Marché(s) de l'art En Province 1870-1914},
  author = {Houssais, Laurent and Lagrange, Marion},
  date = {2010},
  series = {Les {{Cahiers}} Du {{Centre François Georges Pariset}}},
  edition = {Presses universitaires de Bordeaux},
  number = {8},
  location = {{Bordeaux}},
  keywords = {TNAHcatalogues}
}

@misc{IIIfInternationalImage,
  title = {{{IIIf}} :  {{International Image Interoperability Framework}}},
  url = {https://iiif.io/},
  urldate = {2022-08-26},
  abstract = {IIIF is a set of open standards for delivering high-quality, attributed digital objects online at scale. It’s also an international community developing and implementing the IIIF APIs. IIIF is backed by a consortium of leading cultural institutions.},
  langid = {english},
  keywords = {TNAH_hn_logiciels},
  file = {/Users/EstebanSanchez/Zotero/storage/6DVMCVC2/iiif.io.html}
}

@misc{ImagoVisualContagions,
  title = {Imago / {{Visual Contagions}}},
  url = {https://www.imago.ens.fr/}
}

@book{jacobLieuxSavoirMains2010,
  title = {Lieux de savoir. 2 : Les mains de l'intellect},
  editor = {Jacob, Christian},
  date = {2010},
  publisher = {{Alban Michel}},
  location = {{Paris}},
  abstract = {Lieux de savoir. [2], Les mains de l'intellect | WorldCat.org},
  langid = {spanish},
  keywords = {TNAHcatalogues},
  file = {/Users/EstebanSanchez/Zotero/storage/7SMNXTMW/708393546.html}
}

@article{jacquemin_libre_2019,
  title = {Libre Accès et Données de Recherche. {{De}} l’utopie à l’idéal Réaliste},
  author = {Jacquemin, Bernard and Schöpfel, Joachim and Fabre, Renaud},
  date = {2019},
  journaltitle = {Études de communication},
  number = {52},
  doi = {10.4000/edc.8468},
  url = {http://journals.openedition.org/edc/8468},
  urldate = {2022-08-11},
  keywords = {TNAH_hn_recherche}
}

@inproceedings{janesAutomaticTEIEncoding2021,
  title = {Towards Automatic {{TEI}} Encoding via Layout Analysis},
  booktitle = {Fantastic Future 21, 3rd {{International Conference}} on {{Artificial Intelligence}} for {{Librairies}}, {{Archives}} and {{Museums}}},
  author = {Janes, Juliette and Pinche, Ariane and Jahan, Claire and Gabay, Simon},
  date = {2021-12},
  publisher = {{AI for Libraries, Archives, and Museums (ai4lam)}},
  location = {{Paris, France}},
  url = {https://hal.archives-ouvertes.fr/hal-03527287},
  urldate = {2022-08-25},
  keywords = {Important,TNAH_hn_logiciels},
  file = {/Users/EstebanSanchez/Google Drive/Bibliothèques/Bibliothèque Zotero/Janes et al., 2021 - Towards automatic TEI encoding via layout analysis.pdf}
}

@thesis{janesCataloguePapierAu2021,
  type = {mémoire de master « Technologies numériques appliquées à l’histoire », dir. Thibault Clérice et Béatrice Joyeux-Prunel},
  title = {Du Catalogue Papier Au Numérique : {{Une}} Chaîne de Traitement Ouverte Pour l’extraction d’informations Issues de Documents Structurés},
  author = {Janès, Juliette},
  date = {2021},
  institution = {{École nationale des chartes}},
  location = {{Paris}},
  url = {https://github.com/Juliettejns/Memoire_TNAH},
  keywords = {TNAHstages}
}

@article{jouffret_les_2008,
  title = {Les collections de catalogues de vente d’œuvres d'art dans les bibliothèques},
  author = {Jouffret, Jean and Poulain, Martine},
  date = {2008-12},
  journaltitle = {Les Nouvelles de l'INHA},
  number = {33},
  pages = {18--19},
  langid = {french},
  keywords = {TNAHcatalogues}
}

@misc{joyeux_artlas_nodate,
  title = {Artl@s},
  author = {Joyeux-Prunel, Béatrice and Dossin, Catherine and Saint-Raymond, Léa},
  url = {https://artlas.huma-num.fr/fr/},
  keywords = {TNAHartlas}
}

@article{joyeux_visual_2019,
  title = {Visual Contagions, the Art Historian, and the Digital Strategies to Work on Them},
  author = {Joyeux-Prunel, Béatrice},
  date = {2019},
  journaltitle = {Artl@s Bulletin},
  number = {8-3},
  url = {https://docs.lib.purdue. edu/artlas/vol8/iss3/8},
  keywords = {Important,TNAHartlas},
  file = {/Users/EstebanSanchez/Zotero/storage/KGKAYF6E/8.html}
}

@article{joyeux-prunel_bases_2018,
  title = {Bases de Données et Gestion de Projets En Humanités Numériques. {{Les}} Dessous Du Projet {{Artl}}@s},
  author = {Joyeux-Prunel, Béatrice},
  date = {2018-02},
  journaltitle = {Biens Symboliques / Symbolic Goods. Revue de sciences sociales sur les arts, la culture et les idées},
  number = {2},
  issn = {2490-9424},
  doi = {10.4000/bssg.242},
  url = {http://journals.openedition.org/bssg/242},
  abstract = {1. Comment est né le projet de base de données ? Le projet ARTL@S met à disposition des chercheur·se·s une base numérique de catalogues d’expositions partout dans le monde aux xixe et xxe siècles. Les adresses contenues dans ces catalogues sont géoréférencées, quelles que soient les époques et les géographies. Cet outil est pensé pour permettre aussi bien des recherches monographiques qu’un travail sur les circulations des œuvres d’art, la construction des carrières et des goûts dans ce proce...},
  keywords = {Important,TNAH_hn_recherche},
  file = {/Users/EstebanSanchez/Zotero/storage/D4VH283B/Joyeux-Prunel, 2018 - Bases de données et gestion de projets en humanités numériques.pdf}
}

@online{joyeux-prunel_beatrice_visual_nodate,
  title = {Visual Contagions. {{GitLab}}},
  author = {Joyeux-Prunel, Béatrice and Corbières, Caroline and Quoix, Auriane and Gabay, Simon and Topalov, Barbara},
  url = {https://gitlab.unige.ch/Beatrice.Joyeux-Prunel/visual-contagions},
  urldate = {2020-09-10},
  keywords = {TNAHartlas}
}

@article{joyeux-prunel_exhibition_2015,
  title = {Exhibition {{Catalogues}} in the {{Globalization}} of {{Art}}. {{A Source}} for {{Social}} and {{Spatial Art History}}},
  author = {Joyeux-Prunel, Béatrice and Marcel, Olivier},
  date = {2015},
  volume = {4},
  number = {2},
  pages = {26},
  abstract = {With the rise of global art studies, there has been a quest to find a common ground to compare different contexts, events or individual trajectories. The expansion of exhibition catalogues and the artistic, social, and geographical information they contain make them an exceptional source to establish and articulate patterns of artistic mobility. Stemming from antipodal and diachronic research fields, from the internationalization of modern art (1850‐1970) to that of contemporary African art, we contend that exhibition catalogues give commensurable sources to trace the globalization of art on the long term, from its spatial, social, and economic dimension to the circulation of art pieces and the cultural transfers it implies.},
  keywords = {Important,TNAHcatalogues}
}

@online{joyeux-prunel_visual_nodate,
  title = {Visual Contagions. Imago},
  author = {Joyeux-Prunel, Béatrice and Chatonsky, Grégory and Saint-Raymond, Léa and Guichard, Charlotte and Burki, Marie José},
  url = {https://www.imago.ens.fr/},
  urldate = {2020-07-30},
  langid = {french},
  keywords = {TNAHartlas}
}

@article{joyeux-prunelARTLSpatialTransnational2012,
  title = {{{ARTL}}@{{S}}: {{A Spatial}} and {{Transnational Art History Origins}} and {{Positions}} of a {{Research Program}}},
  shorttitle = {{{ARTL}}@{{S}}},
  author = {Joyeux-Prunel, Béatrice},
  date = {2012-09-15},
  journaltitle = {Artl@s Bulletin},
  volume = {1},
  number = {1},
  issn = {2264-2668},
  url = {https://docs.lib.purdue.edu/artlas/vol1/iss1/1},
  keywords = {TNAHartlas},
  file = {/Users/EstebanSanchez/Zotero/storage/TI99CNNU/1.html}
}

@book{joyeux-prunelArtMesureHistoire2022,
  title = {L’Art et la mesure : Histoire de l’art et méthodes quantitatives},
  shorttitle = {L’Art et la mesure},
  editor = {Joyeux-Prunel, Béatrice},
  date = {2022-01-25},
  series = {Actes de la recherche à l’ENS},
  publisher = {{Éditions Rue d’Ulm}},
  location = {{Paris}},
  url = {http://books.openedition.org/editionsulm/8557},
  urldate = {2022-08-25},
  abstract = {Parler de chiffres en histoire de l’art est souvent malvenu, car cela semble considérer que l’on pourrait codifier des données dont on aime à penser qu’elles relèvent de l’immesurable, de l’insondable, du spirituel : « On ne met pas la beauté en boîte. » Mais pourquoi ? On met bien les tableaux dans des cadres, sur des murs et dans des musées, et on sait bien aussi que les œuvres d’art vivent d’abord par leur rang dans un classement élaboré depuis des siècles, dont les musées et les histoires de l’art, mais surtout le marché, sont les meilleurs comptables. Cette question préoccupait depuis plusieurs années les participants du séminaire « Art et Mesure », tenu à l’École normale supérieure, à l’Institut d’histoire moderne et contemporaine, depuis 2006 : aucun n’aurait jugé honnête de ne pas reconnaître ce qu’apportait l’approche quantitative à ses recherches – et d’abord la constitution d’une base de données rigoureuse. Les premiers travaux ayant abouti à un numéro spécial de la revue Histoire et Mesure (déc. 2008), le présent volume va plus loin : il réunit, outre des historiens, des économistes, des sociologues, des mathématiciens, des statisticiens. Il se veut un outil de travail pour les historiens de l’art qui souhaiteraient, en cohérence avec les questions suscitées par leur objet de recherche, passer par l’analyse quantitative, qu’elle soit très simple ou plus raffinée. Les articles qu’il contient proposent, à partir des exemples les plus divers, une approche très méthodique de l’analyse quantitative, qui vise d’abord à faire comprendre ce qu’est une base de données, comment il faut la construire et ce qu’elle peut apporter. Mais on a veillé à ce que les auteurs ne se dérobent pas à la question heuristique des effets du chiffre sur l’interprétation des arts… L’ouvrage s’articule ainsi en trois grandes parties : « L’approche quantitative est-elle utile à l’histoire de l’art ?  », « De la sociologie à l’histoire de l’art » et « Défis pour l’approche métrique ». Indispensable à la formation des spécialistes de l’histoire de l’art, il ne veut cependant pas les faire renoncer à l’originalité de leurs approches : la connaissance de l’histoire des styles et des formes ; le désir de comprendre les arts sans les déconnecter de leurs époques, tout en gardant la conscience de leur rayonnement jusqu’à nos jours ; l’intérêt jamais démenti pour la dimension matérielle des objets qu’ils étudient, pour la manière dont ils ont été faits, et pour la philosophie ou l’esthétique qui en a inspiré la création ; l’amour des belles choses, et le désir de comprendre pourquoi on les tint ou on les tient pour belles ; et plus généralement une curiosité affirmée pour l’intimité : celle des artistes, celle des amateurs, celle des contemplateurs, comme celle qui s’instaure, on ne sait comment, entre un objet et celui qui l’apprécie.},
  isbn = {978-2-7288-0989-9},
  langid = {french},
  pagetotal = {602},
  keywords = {Histoire de l'art/Visual studies,Important,TNAHcatalogues}
}

@article{joyeux-prunelCeQueApproche2014,
  title = {Ce que l'approche mondiale fait à l'histoire de l'art},
  author = {Joyeux-Prunel, Béatrice},
  date = {2014},
  journaltitle = {Romantisme},
  volume = {163},
  number = {1},
  pages = {63--78},
  issn = {0048-8593},
  abstract = {Les arts sont l\&\#8217;un des chantiers les plus importants pour le projet d\&\#8217;une histoire mondiale. Deux types d\&\#8217;approches dominent\&\#160;: l\&\#8217;une, inspir\&\#233;e par les probl\&\#233;matiques postcoloniales\&\#160;; l\&\#8217;autre, par le projet d\&\#8217;une histoire des circulations culturelles. Les historiens de l\&\#8217;art au XIXe si\&\#232;cle ont en g\&\#233;n\&\#233;ral opt\&\#233; pour une relecture transnationale de l\&\#8217;histoire de l\&\#8217;art, focalis\&\#233;e sur l\&\#8217;\&\#233;tude des circulations artistiques et leurs effets. Cet article pr\&\#233;sente les principaux champs ouverts \&\#224; la recherche sur la mondialisation artistique\&\#160;: \&\#233;tude internationale du march\&\#233;, reconstitution des conditions techniques et juridiques de circulation des \&\#339;uvres, interrogations sur les m\&\#233;tissages et la g\&\#233;n\&\#233;tique transculturelle des \&\#339;uvres et des go\&\#251;ts. On s\&\#8217;interroge enfin sur ce que l\&\#8217;approche mondiale fait \&\#224; l\&\#8217;histoire de l\&\#8217;art comme discipline, et les renouvellements qu\&\#8217;elle appelle.},
  langid = {french},
  keywords = {Histoire de l'art/Visual studies,Histoire globale,Important,lu,théorie,TNAHcatalogues},
  file = {/Users/EstebanSanchez/Google Drive/Bibliothèques/Bibliothèque Zotero/Joyeux-Prunel, 2014 - Ce que l'approche mondiale fait à l'histoire de l'art.pdf}
}

@article{joyeux-prunelHistoireArtQuantitatif2008,
  title = {L’histoire de l’art et le quantitatif},
  author = {Joyeux-Prunel, Béatrice},
  date = {2008-12-31},
  journaltitle = {Histoire \& mesure},
  volume = {XXIII},
  number = {2},
  pages = {3--34},
  publisher = {{Éditions de l’EHESS}},
  issn = {0982-1783},
  url = {http://journals.openedition.org/histoiremesure/3543},
  urldate = {2022-08-25},
  abstract = {L’approche quantitative a mauvaise presse en histoire de l’art. Au mieux on l’ignore, et plus généralement on lui reproche de vouloir mettre la beauté en équations~; d’y échouer bien sûr, lamentablement. On l’accuse d’oublier les œuvres ou, pire, de les réduire à des objets comptables comme le serait une marchandise sur le rayon d’un supermarché. Position étonnante~: les défenseurs du style et du génie semblent oublier que l’histoire de l’art et celle de la littérature furent parmi les premiè...},
  isbn = {9782713221941},
  issue = {2},
  langid = {french},
  keywords = {Important,TNAHcatalogues},
  file = {/Users/EstebanSanchez/Zotero/storage/A3VYHENL/Joyeux-Prunel, 2008 - L’histoire de l’art et le quantitatif.pdf}
}

@article{joyeux-prunelProvincializingParisCenterPeriphery2015,
  title = {Provincializing {{Paris}}. {{The Center-Periphery Narrative}} of {{Modern Art}} in {{Light}} of {{Quantitative}} and {{Transnational Approaches}}},
  author = {Joyeux-Prunel, Béatrice},
  date = {2015-06-11},
  journaltitle = {Artl@s Bulletin},
  volume = {4},
  number = {1},
  issn = {2264-2668},
  url = {https://docs.lib.purdue.edu/artlas/vol4/iss1/4},
  keywords = {TNAHcatalogues},
  file = {/Users/EstebanSanchez/Zotero/storage/Y8PQ875Q/4.html}
}

@incollection{joyeux-prunelReintroducingCirculationsHistoriography2015,
  title = {Reintroducing {{Circulations}} : {{Historiography}} and the {{Project}} of {{Global Art History}}},
  booktitle = {Circulations in the {{Global History}} of {{Art}}},
  author = {Joyeux-Prunel, Béatrice and DaCosta Kaufmann, Thomas},
  editor = {Dossin, Catherine and Joyeux-Prunel, Béatrice and DaCosta Kaufmann, Thomas},
  date = {2015},
  pages = {1--22},
  publisher = {{Farnham}},
  keywords = {Histoire de l'art/Visual studies,TNAHcatalogues}
}

@article{joyeux-prunelTransfertsCulturels2003,
  title = {Les transferts culturels},
  author = {Joyeux-Prunel, Béatrice},
  date = {2003},
  journaltitle = {Hypotheses},
  volume = {6},
  number = {1},
  pages = {149--162},
  issn = {1298-6216},
  url = {https://www.cairn.info/revue-hypotheses-2003-1-page-149.htm},
  langid = {french},
  keywords = {Histoire de l'art/Visual studies,Histoire globale,hybridité/tranferts,Important,lu},
  file = {/Users/EstebanSanchez/Google Drive/Bibliothèques/Bibliothèque Zotero/Joyeux-Prunel, 2003 - Les transferts culturels.pdf}
}

@misc{JupyterNotebook,
  title = {Jupyter {{Notebook}}},
  url = {https://jupyter.org/},
  keywords = {TNAH_hn_logiciels}
}

@misc{JupyterNotebookExtensions,
  title = {Jupyter {{Notebook Extensions}}},
  url = {https://jupyter-contrib-nbextensions.readthedocs.io/en/latest/index.html}
}

@article{karpinski_metrics_nodate,
  title = {Metrics for {{Complete Evaluation}} of {{OCR Performance}}},
  author = {Karpinski, Romain and Lohani, Devashish and Belaid, Abdel and Karpinski, Romain and Lohani, Devashish and Belaid, Abdel},
  date = {2018-07},
  journaltitle = {IPCV'18 - the 22nd int'l conf on image processing, computer vision, \& pattern recognition},
  pages = {8},
  location = {{Las Vegas, United States}},
  url = {https://hal.inria.fr/hal-01981731},
  abstract = {In this paper, we study metrics for evaluating OCR performance both in terms of physical segmentation and in terms of textual content recognition. These metrics rely on the OCR output (hypothesis) and the reference (also called ground truth) input format. Two evaluation criteria are considered: the quality of segmentation and the character recognition rate. Three pairs of input formats are selected among two types of inputs: text only (text) and text with spatial information (xml). These pairs of inputs reference-to-hypothesis are: 1) text-to-text, 2) xml-to-xml and 3) text-to-xml. For the text-to-text pair, we selected the RETAS method to perform experiments and show its limits. Regarding text-to-xml, a new method based on unique word anchors is proposed to solve the problem of aligning texts with different information. We define the ZoneMapAltCnt metric for the xml-to-xml approach and show that it offers the most reliable and complete evaluation compared to the other two. Open source OCRs like Tesseract and OCRopus are selected to perform experiments. The datasets used are a collection of documents from the ISTEX1 document database, from French newspaper “Le Nouvel Observateur” as well as invoices and administrative document gathered from different collaborations.},
  hal_id = {hal-01981731},
  hal_version = {v1},
  pdf = {https://hal.inria.fr/hal-01981731/file/Paper-Devashish.pdf},
  keywords = {TNAH_hn_logiciels}
}

@article{kaufmannEnseignementSHSEstil2019,
  title = {L’enseignement des SHS est-il soluble dans les Humanités numérique ? Et inversément.},
  shorttitle = {L’enseignement des SHS est-il soluble dans les Humanités numérique ?},
  author = {Kaufmann, Lyonel},
  date = {2019-09-05},
  url = {https://orfee.hepl.ch/handle/20.500.12162/3281},
  urldate = {2022-08-25},
  abstract = {Au niveau romand comme au niveau international, c’est le branle-bas de combat pour une éducation numérique ou à l’ère du numérique. Au niveau du canton de Vaud et à ce sujet, le projet d’éducation numérique du Département de la Formation, de la Jeunesse et de la Culture (DFJC) comporte même comme premier objectif cette question des Humanités numériques. Le projet parle également de trois piliers de l’éducation numérique (science informatique, usage des outils numériques et éducations aux média). Mais que sont ces fameuses Humanités numériques et quelles peuvent-être les manières de les décliner dans l’enseignement des disciplines des Sciences humaines dans le cadre du Plan d'études romand (PER)? Quelles plus-values les SHS ont-elles à apporter à cette éducation dite numérique? Quels peuvent être les liens entre la démarche d’enquête des SHS et la résolution de problèmes en lien avec la pensée computationnelle? Voici quelques questions qui seront abordées lors de ce TedEx.},
  langid = {french},
  keywords = {TNAH_hn_recherche},
  annotation = {Accepted: 2019-11-13T10:32:42Z},
  file = {/Users/EstebanSanchez/Zotero/storage/V8AHRLV2/3281.html}
}

@inproceedings{khemakhem_automatically_2018,
  title = {Automatically Encoding Encyclopedic-like Resources in {{TEI}}},
  booktitle = {The Annual {{TEI}} Conference and Members Meeting},
  author = {Khemakhem, Mohamed and Romary, Laurent and Gabay, Simon and Bohbot, Hervé and Frontini, Francesca and Luxardo, Giancarlo},
  date = {2018-09},
  location = {{Tokyo, Japan}},
  url = {https://hal.inria.fr/hal-01819505},
  urldate = {2020-08-04},
  keywords = {TNAH_hn_logiciels}
}

@misc{khemakhem_grobid_2020,
  title = {Grobid-Dictionnaries},
  author = {Khemakhem, Mohamed},
  date = {2020},
  url = {https://github.com/MedKhem/grobid-dictionaries},
  urldate = {2022-08-07},
  keywords = {TNAH_hn_logiciels}
}

@inproceedings{kiessling_escriptorium_2019,
  title = {{{eScriptorium}}: {{An}} Open Source Platform for Historical Document Analysis},
  shorttitle = {{{eScriptorium}}},
  booktitle = {2019 {{International Conference}} on {{Document Analysis}} and {{Recognition Workshops}} ({{ICDARW}})},
  author = {Kiessling, Benjamin and Tissot, Robin and Stokes, Peter and Stökl Ben Ezra, Daniel},
  date = {2019},
  volume = {2},
  pages = {19--24},
  keywords = {TNAH_hn_logiciels}
}

@article{kiessling_kraken_nodate,
  title = {Kraken - an {{Universal Text Recognizer}} for the {{Humanities}}},
  author = {Kiessling, Benjamin},
  date = {2019},
  journaltitle = {Digital Humanities},
  url = {https://dev.clariah.nl/files/dh2019/boa/0673.html},
  urldate = {2022-08-11},
  langid = {english},
  keywords = {TNAH_hn_logiciels}
}

@book{kuhnStructureScientificRevolutions1970,
  title = {The {{Structure}} of {{Scientific Revolutions}}},
  author = {Kuhn, Thomas},
  date = {1970},
  publisher = {{University of Chicago Press}},
  location = {{Chicago}},
  langid = {english},
  keywords = {Histoire des sciences/épistémologie,TNAHcatalogues},
  annotation = {OCLC: 833936115},
  file = {/Users/EstebanSanchez/Google Drive/Bibliothèques/Bibliothèque Zotero/Kuhn, 1970 - The Structure of Scientific Revolutions.pdf}
}

@incollection{latourCesReseauxQue1996,
  title = {Ces réseaux que la raison ignore : laboratoires, bibliothèques, collections},
  booktitle = {Le Pouvoir des bibliothèques. La mémoire des livres en Occident},
  author = {Latour, Bruno},
  editor = {Jacob, Christian and Baratin, Marc},
  date = {1996},
  publisher = {{Albin Michel}},
  url = {https://login.proxy.bib.uottawa.ca/login?url=http://www.numilog.com/bibliotheque/BU-Ottawa/fiche_livre.asp?idprod=51632},
  urldate = {2020-12-05},
  abstract = {Creuset de la mémoire, espace de conservation du patrimoine intellectuel, artistique et littéraire, la bibliothèque est un lieu de dialogue avec le passé, mais aussi de création et d'innovation. Croisement paradoxal entre un projet utopique (rassembler la totalité des savoirs) et des contraintes techniques (sélection, classement, conservation, communication des documents...), elle constitue également, et simultanément, un concept immatériel qui donne sens et profondeur aux pratiques de la lecture, de l'écriture et de l'interprétation.},
  isbn = {978-2-226-19936-2},
  langid = {french},
  keywords = {Histoire des sciences/épistémologie,TNAHcatalogues},
  annotation = {OCLC: 897450603},
  file = {/Users/EstebanSanchez/Google Drive/Bibliothèques/Bibliothèque Zotero/Latour, 1996 - Ces réseaux que la raison ignore - laboratoires, bibliothèques, collections.pdf}
}

@article{leinman_catalogue_2011,
  title = {Le Catalogue d’art Contemporain},
  author = {Leinman, Colette},
  date = {2011-04},
  journaltitle = {Marges. Revue d’art contemporain},
  number = {12},
  pages = {51--63},
  issn = {1767-7114},
  doi = {10.4000/marges.408},
  url = {http://journals.openedition.org/marges/408},
  abstract = {Cet article s’attache à présenter l’évolution d’un dispositif paratextuel interdisciplinaire, le catalogue muséal d’art contemporain (CMAC), qui rivalise avec l’exposition à laquelle il sert toutefois de médiation et de « lieu de mémoire ». Dans le cadre muséal, l’objectivité scientifique du musée structure un discours qui doit jouer le rôle de témoin révélateur de certains évènements, mais doit aussi leur donner sens en leur attribuant de nouvelles significations. Les nouveaux enjeux se manifestent dans trois domaines qui constituent les sujets des trois parties de cet article : la stratégie éditoriale et scientifique pour les musées, l’éthos prédiscursif et discursif de l’auteur du catalogue et enfin, la représentation de l’artiste, certes mise en valeur, mais que lui-même ne gère pas.},
  keywords = {TNAHcatalogues}
}

@book{leinman_les_2015,
  title = {Les catalogues d’expositions surréalistes à Paris entre 1924 et 1939},
  author = {Leinman, Colette},
  date = {2015-03},
  publisher = {{Brill}},
  url = {https://brill.com/view/title/31570},
  urldate = {2022-08-07},
  isbn = {978-94-012-1199-4},
  langid = {french},
  keywords = {TNAHcatalogues}
}

@incollection{lemercier_creer_2010,
  title = {Créer Une Base de Données En Histoire de l'art : Comment s'y Prendre ?},
  shorttitle = {Créer Une Base de Données En Histoire de l'art},
  booktitle = {L'{{Art}} et La Mesure. {{Histoire}} de l'art et Méthodes Quantitatives},
  author = {Lemercier, Claire and Joyeux-Prunel, Béatrice},
  editor = {Joyeux-Prunel, Béatrice},
  date = {2010},
  pages = {165--180},
  publisher = {{Éd. Rue d'Ulm (ENS)}},
  abstract = {Ce texte est issu d'une double expérience pratique (temps perdu, échecs, déconvenues...) et surtout de discussions nombreuses avec différents collègues et participants à nos séminaires, en particulier Claire Zalc, ainsi que Nicolas Barreyre, Björn-Olav Dozo, Fabien Accominotti et Eléonore Challine. Il s'inspire à sa manière de la table ronde du colloque de décembre 2009, intitulée " Qu'est-ce qu'une bonne base de données ? " et dont l'enregistrement audio est disponible sur Savoirs en multimédia1. On trouvera, surtout, des conseils beaucoup plus détaillés dans un ouvrage destiné aux historiens (dont les historiens de l'art peuvent faire partie), écrit par Claire Lemercier et Claire Zalc2. Mais il nous a semblé pertinent de proposer ici aux historiens de l'art quelques points de repère, en tenant compte des exigences et des spécificités de leur discipline. Ces conseils s'adressent à tout le monde, notamment à tous ceux qui n'ont pas un professionnel à leur disposition, ni l'envie de se former spécifiquement à des logiciels complexes : même une base techniquement simple, d'ambition limitée, constituée par une seule personne, peut constituer ou bien un apport important à la recherche, ou bien une source de temps perdu et de déceptions, selon que l'on a ou non pensé dès sa construction à quelques problèmes classiques dans ce domaine},
  keywords = {Important,TNAH_hn_recherche}
}

@article{LENOIRDisciplineNature,
  title = {{{LENOIR}}, {{T}}. “{{The Discipline}} of {{Nature}} and the {{Nature}} of {{Disciplines}}”. {{En Knowledges}}. {{Historical}} and {{Critical Studies}} in {{Disciplinarity}}, Coordinado Por {{Ellen Messer-Davidow}}, {{David Shumway}} y {{David}}. {{J}}. {{Silvan}}. {{Londres}}: {{University Press}} of {{Virginia-Charlottesville}} and {{London}}, 1993.}
}

@incollection{lenoirDisciplineNatureNature2022,
  title = {The {{Discipline}} of {{Nature}} and the {{Nature}} of {{Disciplines}}},
  booktitle = {Instituting {{Science}}: {{The Cultural Production}} of {{Scientific Disciplines}}},
  author = {Lenoir, Timothy},
  date = {2022},
  pages = {45--74},
  publisher = {{Stanford University Press}},
  doi = {10.1515/9781503616059-005},
  url = {https://www.degruyter.com/document/doi/10.1515/9781503616059-005/html},
  urldate = {2022-09-09},
  abstract = {CHAPTER 3 The Discipline of Nature and the Nature of Disciplines was published in Instituting Science on page 45.},
  isbn = {978-1-5036-1605-9},
  langid = {english},
  keywords = {TNAHcatalogues}
}

@article{mantionLieuGenieRemarques1983,
  title = {Le lieu du génie. Remarques sur la géographie de l'art},
  author = {Mantion, Jean-Rémy},
  date = {1983},
  journaltitle = {Annales},
  volume = {38},
  number = {5},
  pages = {1084--1096},
  publisher = {{Persée - Portail des revues scientifiques en SHS}},
  doi = {10.3406/ahess.1983.411004},
  url = {https://www.persee.fr/doc/ahess_0395-2649_1983_num_38_5_411004},
  urldate = {2022-08-25},
  abstract = {The Locus of Genius: Remarks on the Geography of Art This article begins by analyzing eighteenth-century theories about climate (such as those developed most notably by du Bos), according to which England was incapable of being the locus of any form of artistic achievement. Several European authors— Latapie (who in 1771 translated Whately's Observations of Modern Gardening), Kant and Reynolds—are examined with a view to explaining the fracture and theoretical difficulties provoked by the sudden appearance and spread of landscape gardening in Europe. Regarded by some as the expression of English politico-economic genius and as commodity unexportable outside its native land (Walpole) landscape gardening it is argued here- allows us to reexamine the question of the "Englishness of English art", still debated by leading art historians such as Sir Nikolaus Pevsner.},
  langid = {fre},
  keywords = {Histoire de l'art/Visual studies,Important,TNAHcatalogues},
  file = {/Users/EstebanSanchez/Zotero/storage/PI4MVW7S/ahess_0395-2649_1983_num_38_5_411004.html}
}

@misc{MarkdownguideOrg,
  title = {Markdownguide.Org},
  url = {https://www.markdownguide.org/},
  keywords = {TNAH_hn_logiciels}
}

@misc{mittagessen_mittagessenkraken_2021,
  title = {Kraken},
  author = {{mittagessen}},
  date = {2021-08},
  url = {https://github.com/mittagessen/kraken},
  urldate = {2022-08-12},
  abstract = {OCR engine for all the languages},
  copyright = {Apache-2.0},
  keywords = {TNAH_hn_logiciels}
}

@book{montross_gallery_henri_1915,
  title = {Henri Matisse Exhibition, January 20th to February 27, 1915, Catalogue},
  author = {{Montross Gallery} and Matisse, Henri},
  date = {1915},
  location = {{New York}},
  pagetotal = {48},
  keywords = {TNAHexpo_autres}
}

@article{morandiEcoleHumanitesNumeriques2017,
  title = {À l’école des humanités numériques},
  author = {Morandi, Franc},
  date = {2017},
  journaltitle = {Hermès, La Revue},
  shortjournal = {Hermès, La Revue},
  volume = {78},
  number = {2},
  pages = {96--103},
  publisher = {{CNRS Éditions}},
  location = {{Paris}},
  issn = {0767-9513},
  doi = {10.3917/herm.078.0096},
  url = {https://www.cairn.info/revue-hermes-la-revue-2017-2-page-96.htm},
  urldate = {2022-08-25},
  abstract = {Depuis les années 1980, les technologies de l’information et de la communication (TIC) et le numérique sont entrés à l’école. De nombreuses transformations ont affecté tous les systèmes éducatifs du monde. Ainsi, en France, ces changements se sont traduits par plus d’une dizaine de réformes successives. Mais au-delà des technologies impliquées, des équipements nécessaires et des apprentissages incontournables, le numérique véhicule avec lui des aspects de modernité, d’innovation et d’évidence. Dès lors, est-il encore possible de s’interroger sur les résonances ou dissonances qu’il apporte dans le monde «~formaté~» de l’école~? C’est ce que propose ce numéro de la revue Hermès en réfléchissant aux nouvelles modalités du face-à-face pédagogique, aux difficultés comme aux idéaux liés à l’entrée du numérique dans l’école, de la maternelle au lycée. Quel est le sens à accorder aux investissements financiers colossaux que ces programmes appellent~? En quoi le métier d’enseignant et le rôle de l’élève ont-ils changé~? Comment l’école s’est-elle organisée face aux géants de l’Internet ou face aux logiques du logiciel libre et des biens communs~? Quelles idéologies traversent ce mouvement, où cohabitent les utopies numériques autant que les promesses de l’immense marché du savoir~? Entre demandes sociales et exigences du marché du travail, que reste-t-il de la dimension critique et revendicative vis-à-vis de l’information~? Chercheurs, penseurs et acteurs examinent ici les logiques à l’œuvre dans ce domaine et certaines lignes de tension qui le traversent. Le corps enseignant subit des injonctions pour utiliser, intégrer et s’approprier massivement le numérique. Facteur d’émancipation ou d’inégalités, de modernité ou de dépendance aux industries du numérique, la question fait controverse. Les contributions de ce numéro invitent à adopter un regard analytique et critique sur la place de ces nouveaux outils à l’école.},
  langid = {french},
  keywords = {TNAH_hn_recherche},
  file = {/Users/EstebanSanchez/Zotero/storage/XEF85VTN/revue-hermes-la-revue-2017-2-page-96.html}
}

@book{museeimperialduluxembourgNoticePeinturesSculptures1867,
  title = {Notice de peintures, sculptures et dessins de l'école moderne de France exposées dans les galeries du Musée impérial du Luxembourg},
  author = {{Musée impérial du Luxembourg}},
  date = {1867},
  url = {https://gallica.bnf.fr/ark:/12148/bpt6k64243519},
  abstract = {Notice de peintures, sculptures et dessins de l'école moderne de France exposées dans les galeries du Musée impérial du Luxembourg -- 1867 -- livre},
  langid = {spanish},
  keywords = {TNAHexpo},
  file = {/Users/EstebanSanchez/Zotero/storage/QXCJTAQ9/bpt6k64243519.html}
}

@book{museeroyalduluxembourgExplicationOuvragesPeinture1820,
  title = {Explication des ouvrages de peinture et sculpture, de l'école moderne de France, exposés le 24 avril 1818, dans le musée royal du Luxembourg, destiné aux artistes vivants},
  author = {{Musée royal du Luxembourg}},
  date = {1820},
  url = {https://gallica.bnf.fr/ark:/12148/bpt6k6491364x},
  abstract = {Explication des ouvrages de peinture et sculpture, de l'école moderne de France, exposés le 24 avril 1818, dans le musée royal du Luxembourg, destiné aux artistes vivants -- 1820 -- livre},
  langid = {spanish},
  keywords = {TNAHexpo},
  file = {/Users/EstebanSanchez/Zotero/storage/N9HLQ8BN/bpt6k6491364x.html}
}

@book{museu_de_arte_moderna_ii_1953,
  title = {{{II}} Bienal de São Paulo, Museu de Arte Moderna},
  editor = {{Museu de arte moderna} and {Biennale internationale de São Paulo}},
  date = {1953},
  publisher = {{Museu de arte moderna}},
  location = {{São Paulo, Brésil}},
  url = {https://issuu.com/bienal/docs/name24c514},
  pagetotal = {346},
  keywords = {TNAHexpo}
}

@misc{noauthor_alto_nodate,
  title = {{{ALTO}}: {{Technical Metadata}} for {{Layout}} and {{Text Objects}} ({{Standards}}, {{Library}} of {{Congress}})},
  url = {https://www.loc.gov/standards/alto/},
  urldate = {2022-07-14},
  keywords = {TNAH_hn_logiciels}
}

@book{noauthor_catalogue_1883,
  title = {Catalogue de l'exposition Des Oeuvres de {{Claude Monet}}. 9 {{Boulevard}} de La {{Madeleine}}. {{Ouverte}} Du 1er Au 25 Mars [1883]},
  date = {1883},
  location = {{Paris}},
  abstract = {Catalogue de l'exposition des oeuvres de Claude Monet. 9 Boulevard de la Madeleine. Ouverte du 1er au 25 mars [1883] – 1883 – livre},
  keywords = {TNAHexpo_autres}
}

@book{noauthor_catalogue_1925,
  title = {Catalogue Illustré de La Section Japonaise à l'exposition Internationale Des Arts Décoratifs et Industriels Modernes. {{Paris}}. 1925},
  date = {1925},
  location = {{Paris}},
  abstract = {Catalogue illustré de la section japonaise à l'exposition internationale des arts décoratifs et industriels modernes. Paris. 1925 – 1925 – livre},
  keywords = {TNAHexpo_autres}
}

@misc{noauthor_click_nodate,
  title = {Click Documentation},
  url = {https://click.palletsprojects.com/en/8.0.x/},
  urldate = {2022-07-22}
}

@book{noauthor_exhibition_1859,
  title = {The Exhibition of the {{Royal Academy}} of {{Arts}}. {{MDCCCLIX}}. (1859). {{The}} Ninety-First.},
  date = {1859},
  publisher = {{William Clowes and Sons}},
  location = {{London}},
  abstract = {The Royal Academy of Arts, located in the heart of London, is a place where art is made, exhibited and debated.},
  keywords = {TNAHexpo_autres}
}

@online{noauthor_extensible_nodate,
  title = {Extensible Stylesheet Language ({{XSL}}) Version 1.1},
  url = {https://www.w3.org/TR/xsl/#d0e4611},
  urldate = {2020-07-30}
}

@misc{noauthor_lxml_nodate,
  title = {Lxml - Processing {{XML}} and {{HTML}} with Python},
  url = {https://lxml.de/},
  urldate = {2022-07-15},
  keywords = {TNAH_hn_logiciels}
}

@misc{noauthor_ocr4all_nodate,
  title = {{{OCR4all}}},
  url = {https://github.com/OCR4all},
  urldate = {2022-07-21},
  abstract = {An Open Source Tool Providing a Comprehensive But Easy to Use (Semi-)Automatic OCR Workflow for Historical Printings - OCR4all},
  keywords = {TNAH_hn_logiciels}
}

@misc{noauthor_prima-research-labpage-xml_nodate,
  title = {{{PAGE-XML}}},
  url = {https://github.com/PRImA-Research-Lab/PAGE-XML},
  urldate = {2022-07-23},
  keywords = {TNAH_hn_logiciels}
}

@misc{noauthor_python_nodate,
  title = {Python 3.7 Documentation},
  url = {https://docs.python.org/3.7/},
  urldate = {2022-07-22},
  keywords = {TNAH_hn_logiciels}
}

@misc{noauthor_scripta_nodate,
  title = {{{eScriptorium}}},
  author = {{scripta}},
  url = {https://gitlab.inria.fr/scripta/escriptorium},
  urldate = {2022-07-15},
  abstract = {A project providing digital recognition of handwritten documents using machine learning techniques.},
  keywords = {TNAH_hn_logiciels}
}

@misc{noauthor_segmonto_nodate,
  title = {{{SegmOnto}}},
  url = {https://github.com/SegmOnto},
  urldate = {2022-07-08},
  abstract = {SegmOnto has 3 repositories available. Follow their code on GitHub.},
  keywords = {TNAH_hn_logiciels}
}

@misc{noauthor_transkribus_nodate,
  title = {Transkribus: {{AI}} Powered {{Platform}} for {{Handwritten Text Recognition}}},
  url = {https://readcoop.eu/transkribus/},
  urldate = {2022-07-13},
  abstract = {Transkribus is an AI powered platform for the digitisation, recognition, transcription and searching of historical documents.},
  keywords = {TNAH_hn_logiciels}
}

@book{noauthor_vi_1905,
  title = {Sesta Esposizione Internazionale d'{{Arte}} Della Città Di Venezia, 1905: {{Catalogo}} Illustrato},
  shorttitle = {{{VI}}. {{Esposizione}} Internazionale d'{{Arte}} Della Città Di Venezia, 1905},
  date = {1905},
  publisher = {{Premiate Officine Grafiche C. Ferrari}},
  location = {{Venezia}},
  url = {https://primo.getty.edu/primo-explore/fulldisplay/GETTY_ALMA21137033710001551/GRI},
  abstract = {Excerpt from Vi. Esposizione Internazionale d'Arte della Città di Venezia, 1905: Catalogo Illustrato I. La Città di Venezia bandisce per l'anno 1905 la sua sesta Esposizione internazionale d'arte, che s'aprìrà il 22 A prile e si chiuderà il 31 Ottobre. About the Publisher Forgotten Books publishes hundreds of thousands of rare and classic books. Find more at www.forgottenbooks.com This book is a reproduction of an important historical work. Forgotten Books uses state-of-the-art technology to digitally reconstruct the work, preserving the original format whilst repairing imperfections present in the aged copy. In rare cases, an imperfection in the original, such as a blemish or missing page, may be replicated in our edition. We do, however, repair the vast majority of imperfections successfully; any imperfections that remain are intentionally left to preserve the state of such historical works.},
  isbn = {978-1-396-42166-2},
  pagetotal = {272},
  keywords = {TNAHexpo}
}

@report{nousiainen_coop_2016,
  title = {Report on File Formats for Hand-Written Text Recognition ({{HTR}}) Material : {{CO}}:{{OP Community}} as {{Opportunity The Creative Archives}}´ and {{Users}}´ {{Network}}},
  author = {Nousiainen, Sami},
  date = {2016},
  pages = {69},
  institution = {{National Archives of Finland}},
  keywords = {TNAH_hn_logiciels}
}

@article{parcollet_ecrire_2013,
  title = {Écrire l’histoire des expositions : réflexions sur la constitution d’un catalogue raisonné d’expositions},
  shorttitle = {Écrire l’histoire des expositions},
  author = {Parcollet, Remi and Szacka, Léa-Catherine},
  date = {2013},
  journaltitle = {Culture \& Musées},
  volume = {22},
  number = {1},
  pages = {137--162},
  doi = {10.3406/pumus.2013.1755},
  url = {https://www.persee.fr/doc/pumus_1766-2923_2013_num_22_1_1755},
  abstract = {Escribir la historia de las exposiciones : reflexiones sobre la creación de un catálogo razonado de las exposiciones. Si el objeto museal debiese ser documentado, ¿ Cómo podríamos dar cuenta del trabajo de museo en su forma más visible, es decir, la exposición ? El objeto de este artículo es interrogar la noción de catálogo, sus diferentes géneros y su evolución reciente en cuanto a la exposición. El principio de constituir el inventario más completo de la obra de un artista ó de una colección, ¿ Es aplicable a una institución productora de exposiciones ? En este contexto, el Centro Pompidou aparece como un caso de estudio ejemplar. En el marco de su programa de investigación y globalización, el instituto desarrolla, desde 2010, una reflexión sobre la historia de las exposiciones. Analizar esta iniciativa bajo la óptica de facilitar la documentación y el trabajo de catálogo de las exposiciones, enfatizando la suerte crítica que tuvieron estas iniciativas, permite tomar en cuenta la exposición como un objeto cultural en sí, un objeto a partir del cual podemos, por diversos medios, delinear la historia.},
  copyright = {free},
  langid = {fre},
  keywords = {TNAHcatalogues}
}

@book{parinet_les_2018,
  title = {Les Ventes de Livres et Leurs Catalogues, {{XVIIe-XXe}} Siècle},
  author = {Parinet, Elisabeth},
  date = {2018},
  series = {Etudes et Rencontres},
  edition = {Publications de l'Ecole nationale des Chartes},
  location = {{Paris}},
  keywords = {TNAHcatalogues}
}

@article{pelissierAccompagnerChercheurSHS2017,
  title = {Accompagner le chercheur en SHS à l’ère des humanités numériques. Des outils pour le développement d’une activité cognitive augmentée},
  shorttitle = {Accompagner le chercheur en SHS à l’ère des humanités numériques},
  author = {Pélissier, Chrysta},
  date = {2017},
  journaltitle = {Les Cahiers du numérique},
  shortjournal = {Les Cahiers du numérique},
  volume = {13},
  number = {3-4},
  pages = {167--194},
  publisher = {{Lavoisier}},
  location = {{Cachan}},
  issn = {1622-1494},
  url = {https://www.cairn.info/revue-les-cahiers-du-numerique-2017-3-4-page-167.htm},
  urldate = {2022-08-25},
  abstract = {Le numérique a envahi notre quotidien. De la sphère professionnelle, il s’est rapidement propagé vers la sphère privée. Il est incontestable que son omniprésence opère une transformation de nos dynamiques sociales et culturelles et propulse nos sociétés occidentales dans une «~culture numérique~» laissant subséquemment entrevoir les possibilités d’«~humanités numériques~». Force est de constater que sans application numérique il n’existe ni culture ni humanité numérique. Or, ces applications relèvent des sciences de la computation ou de l’informatique, l’une des seules «~nouvelles sciences~» à s’être élevée au rang d’industrie. Les technologies de l’information et de la communication seraient vectrices d’une troisième révolution industrielle, d’où l’intérêt accru des politiques et les inlassables prescriptions pour prendre le «~tournant numérique~». Les projets sur le sujet ne cessent d’émerger depuis une dizaine d’années. Quels sont-ils, peut-on les caractériser~? Quelles sont leurs finalités~? Comment sont-ils conduits, selon quelle(s) méthode(s)~? Ces projets d’humanités numériques ont-ils réussi à dépasser le cloisonnement disciplinaire des sciences face aux technologies de l’information et de la communication~? Quels sont les apports épistémologiques, théoriques, méthodologiques issus de ces recherches~? C’est à ces questionnements qu’entendent notamment répondre les contributions présentées dans Enjeux et apports des recherches en humanités numériques.},
  langid = {french},
  keywords = {Important,TNAH_hn_recherche},
  file = {/Users/EstebanSanchez/Zotero/storage/NRJTM336/revue-les-cahiers-du-numerique-2017-3-page-167.html}
}

@book{photo-clubdeparisCatalogueDeuxiemeExposition1895,
  title = {Catalogue de La {{Deuxième}} Exposition d'art Photographique},
  author = {{Photo-Club de Paris}},
  date = {1895},
  location = {{Paris}},
  url = {https://libmma.contentdm.oclc.org/digital/collection/p15324coll19/id/2770/rec/4}
}

@book{photo-clubdeparisCatalogueOeuvresExposees1898,
  title = {Catalogue Des Œuvres Exposées Au Cinquième {{Salon}} International de Photographie},
  author = {{Photo-Club de Paris}},
  date = {1898},
  location = {{Paris}},
  url = {https://libmma.contentdm.oclc.org/digital/collection/p15324coll19/id/3663/rec/3},
  keywords = {TNAHexpo}
}

@book{photo-clubdeparisCatalogueOeuvresExposees1902,
  title = {Catalogue Des Œuvres Exposées Au Septième {{Salon}} International de Photographie},
  author = {{Photo-Club de Paris}},
  date = {1902},
  location = {{Paris}},
  url = {https://libmma.contentdm.oclc.org/digital/collection/p15324coll19/id/307/rec/1},
  keywords = {TNAHexpo}
}

@book{photo-clubdeparisCatalogueOeuvresExposees1904,
  title = {Catalogue Des Œuvres Exposées Au Neuvième {{Salon}} International de {{Photographie}}},
  author = {{Photo-Club de Paris}},
  date = {1904},
  location = {{Paris}},
  url = {https://libmma.contentdm.oclc.org/digital/collection/p15324coll19/id/5249/rec/9},
  keywords = {TNAHexpo}
}

@book{photo-clubdeparisCatalogueOeuvresExposees1906,
  title = {Catalogue Des Œuvres Exposées Au Onzième {{Salon}} International de {{Photographie}}},
  author = {{Photo-Club de Paris}},
  date = {1906},
  location = {{Paris}},
  url = {https://libmma.contentdm.oclc.org/digital/collection/p15324coll19/id/7055/rec/10},
  keywords = {TNAHexpo}
}

@book{photo-clubdeparisCataloguePremiereExposition1894,
  title = {Catalogue de La {{Première}} Exposition d’art Photographie},
  author = {{Photo-Club de Paris}},
  date = {1894},
  location = {{Paris}},
  url = {https://libmma.contentdm.oclc.org/digital/collection/p15324coll19/id/2640/rec/5},
  keywords = {TNAHexpo}
}

@book{photo-clubdeparisCatalogueTroisiemeExposition1896,
  title = {Catalogue de La {{Troisième}} Exposition d'art Photographique},
  author = {{Photo-Club de Paris}},
  date = {1896},
  location = {{Paris}},
  url = {https://libmma.contentdm.oclc.org/digital/collection/p15324coll19/id/3090/rec/6},
  keywords = {TNAHexpo}
}

@book{PrimaEsposizioneInternazionale1895,
  title = {Prima {{Esposizione Internazionale}} d'{{Arte Della Città}} Di {{Venezia}}. {{Catalogo}} Ilustrato},
  date = {1895},
  publisher = {{Fratelli Visentini}},
  location = {{Venezia}},
  url = {https://babel.hathitrust.org/cgi/pt?id=uc1.$b203824&view=1up&seq=7},
  keywords = {TNAHexpo}
}

@unpublished{puren_numerisation_2020,
  title = {La Numérisation Du Patrimoine. {{Du}} Projet {{Gutenberg}} à {{Google Arts}} \& {{Culture}}},
  author = {Puren, Marie},
  date = {2020-10},
  location = {{France}},
  url = {https://hal.archives-ouvertes.fr/hal-03152774},
  urldate = {2022-08-23},
  howpublished = {Master},
  keywords = {TNAH_hn_recherche}
}

@misc{Regex101,
  title = {Regex101},
  url = {https://regex101.com/},
  keywords = {TNAH_hn_logiciels}
}

@article{reul_ocr4allopen-source_2019,
  title = {{{OCR4all}}—{{An Open-Source Tool Providing}} a ({{Semi-}}){{Automatic OCR Workflow}} for {{Historical Printings}}},
  author = {Reul, Christian and Christ, Dennis and Hartelt, Alexander and Balbach, Nico and Wehner, Maximilian and Springmann, Uwe and Wick, Christoph and Grundig, Christine and Büttner, Andreas and Puppe, Frank},
  date = {2019-01},
  journaltitle = {Applied Sciences},
  volume = {9},
  number = {22},
  pages = {4853},
  doi = {10.3390/app9224853},
  url = {https://www.mdpi.com/2076-3417/9/22/4853},
  urldate = {2022-08-30},
  abstract = {Optical Character Recognition (OCR) on historical printings is a challenging task mainly due to the complexity of the layout and the highly variant typography. Nevertheless, in the last few years, great progress has been made in the area of historical OCR, resulting in several powerful open-source tools for preprocessing, layout analysis and segmentation, character recognition, and post-processing. The drawback of these tools often is their limited applicability by non-technical users like humanist scholars and in particular the combined use of several tools in a workflow. In this paper, we present an open-source OCR software called OCR4all, which combines state-of-the-art OCR components and continuous model training into a comprehensive workflow. While a variety of materials can already be processed fully automatically, books with more complex layouts require manual intervention by the users. This is mostly due to the fact that the required ground truth for training stronger mixed models (for segmentation, as well as text recognition) is not available, yet, neither in the desired quantity nor quality. To deal with this issue in the short run, OCR4all offers a comfortable GUI that allows error corrections not only in the final output, but already in early stages to minimize error propagations. In the long run, this constant manual correction produces large quantities of valuable, high quality training material, which can be used to improve fully automatic approaches. Further on, extensive configuration capabilities are provided to set the degree of automation of the workflow and to make adaptations to the carefully selected default parameters for specific printings, if necessary. During experiments, the fully automated application on 19th Century novels showed that OCR4all can considerably outperform the commercial state-of-the-art tool ABBYY Finereader on moderate layouts if suitably pretrained mixed OCR models are available. Furthermore, on very complex early printed books, even users with minimal or no experience were able to capture the text with manageable effort and great quality, achieving excellent Character Error Rates (CERs) below 0.5\%. The architecture of OCR4all allows the easy integration (or substitution) of newly developed tools for its main components by standardized interfaces like PageXML, thus aiming at continual higher automation for historical printings.},
  keywords = {TNAH_hn_logiciels}
}

@thesis{roche_en_2014,
  type = {Mémoire d'études de Diplôme de Conservateur des Bibliothèques},
  title = {En Attendant " Le Jour [...] Où Il n'y Aura plus de Catalogue à Faire " : Une Histoire Matérielle Des Catalogues de Bibliothèques (1789-1993)},
  author = {Roche, Mélanie},
  date = {2014},
  institution = {{ENSSIB}},
  location = {{Lyon}},
  url = {https://www.enssib.fr/bibliotheque-numerique/documents/64118-en-attendant-le-jour-ou-il-n-y-aura-plus-de-catalogue-a-faire-une-histoire-materielle-des-catalogues-de-bibliotheque-1789-1993.pdf},
  keywords = {TNAHcatalogues}
}

@thesis{rondeau_du_noyer_encoder_2019,
  type = {mémoire de master Technologies numériques appliquées à l'histoire, dir. Thibault Clérice et Béatrice Joyeux-Prunel},
  title = {Encoder Automatiquement Des Catalogues En {{XML-TEI}}. {{Principes}}, Évaluation et Application à La {{Revue}} Des Autographes de La Librairie {{Charavay}}},
  author = {Rondeau Du Noyer, Lucie},
  date = {2019},
  institution = {{Ecole nationale des Chartes}},
  location = {{Paris}},
  keywords = {TNAHstages}
}

@article{rosenberg_apport_1989,
  title = {L'apport Des Expositions et de Leurs Catalogues à l'histoire de l'art},
  author = {Rosenberg, Pierre},
  date = {1989},
  journaltitle = {Les Cahiers du Musée national d'art moderne},
  number = {29},
  pages = {49--56},
  keywords = {TNAHcatalogues}
}

@book{salon_des_independants_societe_1892,
  title = {Société Des Artistes Indépendants. 8, {{Catalogue}} Des Oeuvres Exposées : [8e {{Exposition}} Du 19 Mars Au 27 Avril 1892, {{Pavillon}} de La Ville de {{Paris}}, {{Champs Elysées}}]},
  shorttitle = {Société Des Artistes Indépendants. 8, {{Catalogue}} Des Oeuvres Exposées},
  author = {{Salon des indépendants}},
  date = {1892},
  location = {{Paris}},
  url = {https://gallica.bnf.fr/ark:/12148/bpt6k1269951h},
  abstract = {Société des artistes indépendants. 8, Catalogue des oeuvres exposées : [8e Exposition du 19 mars au 27 avril 1892, Pavillon de la ville de Paris, Champs Elysées] / Société des artistes indépendants – 1892 – livre},
  keywords = {TNAHexpo}
}

@book{salon_des_independants_societe_1906,
  title = {Société Des Artistes Indépendants. 22, {{Catalogue}} de La 22e Exposition 1906 : Grandes Serres de La Ville de {{Paris}}... Du 20 Mars Au 30 Avril...},
  shorttitle = {Société Des Artistes Indépendants. 22, {{Catalogue}} de La 22e Exposition 1906},
  author = {{Salon des indépendants}},
  editor = {{L'Emancipatrice}},
  date = {1906},
  publisher = {{L'Emancipatrice}},
  location = {{Paris}},
  url = {https://gallica.bnf.fr/ark:/12148/bpt6k9687742d},
  abstract = {Société des artistes indépendants. 22, Catalogue de la 22e exposition 1906 : grandes serres de la ville de Paris... du 20 mars au 30 avril... / Société des artistes indépendants – 1906 – livre},
  keywords = {TNAHexpo}
}

@book{salon_des_independants_societe_1913,
  title = {Société Des Artistes Indépendants. 29, {{Catalogue}} de La 29e Exposition, 1913 : {{Quai}} d'{{Orsay}}, {{Pont}} de l'{{Alma}}, Du 19 Mars Au 18 Mai Inclus},
  shorttitle = {Société Des Artistes Indépendants. 29, {{Catalogue}} de La 29e Exposition, 1913},
  author = {{Salon des indépendants}},
  date = {1913},
  location = {{Paris}},
  url = {https://gallica.bnf.fr/ark:/12148/bpt6k8892045},
  abstract = {Société des artistes indépendants. 29, Catalogue de la 29e exposition, 1913 : Quai d'Orsay, Pont de l'Alma, du 19 mars au 18 mai inclus / Société des artistes indépendants – 1913 – livre},
  keywords = {TNAHexpo}
}

@book{salon_des_independants_societe_1923,
  title = {Société Des Artistes Indépendants. 34, {{Catalogue}} de La 34e Exposition 1923 : {{Grand Palais}} Des {{Champs-Elysées}}, Du 10 Février Au 11 Mars},
  shorttitle = {Société Des Artistes Indépendants. 34, {{Catalogue}} de La 34e Exposition 1923},
  author = {{Salon des indépendants}},
  date = {1923},
  location = {{Paris}},
  abstract = {Société des artistes indépendants. 34, Catalogue de la 34e exposition 1923 : Grand Palais des Champs-Elysées, du 10 février au 11 mars / Société des artistes indépendants – 1923 – livre},
  keywords = {TNAHexpo}
}

@book{salon_des_independants_societe_1926,
  title = {Société Des Artistes Indépendants. 37, {{Catalogue}} de La 37e Exposition 1926... Du 20 Mars Au 2 Mai},
  author = {{Salon des indépendants}},
  date = {1926},
  publisher = {{Société des artistes indépendants}},
  location = {{Paris}},
  url = {https://gallica.bnf.fr/ark:/12148/bpt6k9656486d},
  urldate = {2020-09-06},
  abstract = {Société des artistes indépendants. 37, Catalogue de la 37e exposition 1926... du 20 mars au 2 mai / Société des artistes indépendants – 1926 – livre},
  keywords = {TNAHexpo}
}

@book{salondautomneCatalogueOuvragesPeinture1940,
  title = {Catalogue Des Ouvrages de Peinture, Sculpture, Dessin... Exposés Au {{Palais}} de {{Chaillot}}... Du 3 Avril Au 25 Avril 1940},
  author = {{Salon d'automne} and {Société des artistes décorateurs} and {Salon des Tuileries}},
  date = {1940},
  publisher = {{E. Puyfourcat fils (}},
  location = {{Paris}},
  url = {https://gallica.bnf.fr/ark:/12148/bpt6k1179734b/f1.image},
  keywords = {TNAHexpo}
}

@book{salondesindependantsSocieteArtistesIndependants1935,
  title = {Société Des Artistes Indépendants. 46, {{Catalogue}} de La 46e Exposition 1935 : Au {{Grand Palais}} Des {{Champs-Elysées}} Du 18 Janvier Au 3 Mars Inclus},
  author = {{Salon des indépendants}},
  date = {1935},
  location = {{Paris}},
  url = {https://gallica.bnf.fr/ark:/12148/bpt6k1423039g.r=salon%20des%20ind%C3%A9pendants?rk=665239;2},
  keywords = {TNAHexpo}
}

@thesis{sanchezoeconomoCataloguePapierAu2022,
  type = {mémoire de master « Technologies numériques appliquées à l’histoire », dir. Béatrice Joyeux-Prunel et Simon Gabay},
  title = {Du Catalogue Papier Au Tableur Numérique. {{Un}} Pipeline Semi-Automatique Pour Former Des Étudiants En Sciences Humaines Aux Humanités Numériques},
  author = {Sanchez Oeconomo, Esteban},
  date = {2022},
  institution = {{École nationale des chartes}},
  location = {{Paris}},
  keywords = {TNAHstages}
}

@article{saunierCirculationsConnexionsEspaces2005,
  title = {Circulations, connexions et espaces transnationaux},
  author = {Saunier, Pierre-Yves},
  date = {2005},
  journaltitle = {Geneses},
  pages = {110--126},
  url = {https://halshs.archives-ouvertes.fr/halshs-00003886},
  abstract = {Ce point critique revient sur divers ouvrages qui se déployent tous dans « l'entre monde » des circulations, échanges, réappropriations. Les ouvrages concernés se focalisent sur l'espace atlantique, et sur des secteurs bien précis qui n'épuisent pas les formes multiples de ces circulations. Mais ils contribuent, dans leur domaine, à la reconstitution de la morphologie et du fonctionnement de cet espace entre, au dessus ou en deça des états-nations. De leur lecture croisée se dégagent quelques enseignements pour qui s'intéresse cet espace transnational qui s'autonomise chaotiquement au vingtième siècle. Un travail qui peut contribuer, non sans risque, à historiciser les phénomènes enveloppés sous le terme de globalisation.},
  langid = {french},
  keywords = {Histoire globale,hybridité/tranferts,Important,lu,TNAHcatalogues},
  file = {/Users/EstebanSanchez/Google Drive/Bibliothèques/Bibliothèque Zotero/Saunier, 2005 - Circulations, connexions et espaces transnationaux.pdf;/Users/EstebanSanchez/Google Drive/Bibliothèques/Bibliothèque Zotero/Saunier, 2005 - Circulations, connexions et espaces transnationaux2.pdf;/Users/EstebanSanchez/Zotero/storage/EC6U9EYR/revue-geneses-2004-4-page-110.html}
}

@inproceedings{scheithauer_page_2021,
  title = {From Page to Content – Which {{TEI}} Representation for {{HTR}} Output?},
  booktitle = {Proceedings of the next Gen {{TEI}}, 2021},
  author = {Scheithauer, Hugo and Chagué, Alix and Gabay, Simon and Romary, Laurent and Janès, Juliette and Jahan, Claire},
  date = {2021-10},
  location = {{Virtual}},
  url = {https://hal.archives-ouvertes.fr/hal-03380807},
  eventtitle = {Next Gen {{TEI}}, 2021 - {{TEI}} Conference and Members’ Meeting},
  keywords = {Important,TNAH_hn_logiciels}
}

@book{societe_des_amis_des_arts_catalogue_1884,
  title = {Catalogue de l'exposition Des Oeuvres d'art d'artistes Vivants : {{Strasbourg}}, {{Hôtel-de-ville}}, Du 11 Mai Au 8 Juin 1884},
  shorttitle = {Catalogue de l'exposition Des Oeuvres d'art d'artistes Vivants},
  author = {{Société des amis des arts}},
  date = {1884},
  location = {{Strasbourg}},
  url = {https://gallica.bnf.fr/ark:/12148/bpt6k9105588p?rk=21459;2},
  abstract = {Catalogue de l'exposition des oeuvres d'art d'artistes vivants : Strasbourg, Hôtel-de-ville, du 11 mai au 8 juin 1884 – 1884 – livre},
  keywords = {TNAHexpo}
}

@book{societe_des_artistes_francais_catalogue_1887,
  title = {Catalogue Illustré Du {{Salon}} de 1887},
  author = {{Société des artistes français}},
  editor = {Dumas, F.-G.},
  date = {1887},
  publisher = {{L. Baschet}},
  location = {{Paris}},
  url = {https://gallica.bnf.fr/ark:/12148/bpt6k2024955.r=Catalogue%20Illustr%C3%A9%20Du%20Salon%20de%201887?rk=21459;2},
  abstract = {Catalogue illustré du Salon... / publié sous la direction de F.-G. Dumas – 1887 – periodiques},
  editorbtype = {redactor},
  keywords = {TNAHexpo}
}

@book{societe_lorraine_des_amis_des_arts_catalogue_1847,
  title = {Catalogue Des Peintures, Miniatures, Aquarelles, Dessins, Sculptures et Lithographies Exposés à {{Nancy}}... Par Les Artistes Lorrains},
  author = {{Société lorraine des amis des arts}},
  date = {1847},
  publisher = {{Impr. de Hinzelin}},
  location = {{Nancy}},
  url = {https://gallica.bnf.fr/ark:/12148/bpt6k62275056?rk=21459;2},
  abstract = {Catalogue des peintures, miniatures, aquarelles, dessins, sculptures et lithographies exposés à Nancy... par les artistes lorrains – 1847 – periodiques},
  keywords = {TNAHexpo}
}

@book{societelorrainedesamisdesartsCataloguePeinturesMiniatures1843,
  title = {Catalogue Des Peintures, Miniatures, Aquarelles, Dessins, Sculptures et Lithographies Exposés à {{Nancy}}... Par Les Artistes Lorrains},
  author = {{Société lorraine des amis des arts}},
  date = {1843},
  publisher = {{Impr. de Hinzelin}},
  location = {{Nancy}},
  url = {https://gallica.bnf.fr/ark:/12148/bpt6k62251805.texteImage},
  keywords = {TNAHexpo}
}

@book{societelorrainedesamisdesartsCataloguePeinturesMiniatures1849,
  title = {Catalogue Des Peintures, Miniatures, Aquarelles, Dessins, Sculptures et Lithographies Exposés à {{Nancy}}... Par Les Artistes Lorrains},
  author = {{Société lorraine des amis des arts}},
  date = {1849},
  publisher = {{Impr. de Hinzelin}},
  location = {{Nancy}},
  url = {https://gallica.bnf.fr/ark:/12148/bpt6k62276311?rk=21459;2},
  keywords = {TNAHexpo}
}

@book{societelorrainedesamisdesartsCataloguePeinturesMiniatures1892,
  title = {Catalogue Des Peintures, Miniatures, Aquarelles, Dessins, Sculptures et Lithographies Exposés à {{Nancy}}... Par Les Artistes Lorrains},
  author = {{Société lorraine des amis des arts}},
  date = {1892},
  publisher = {{Impr. de Hinzelin}},
  location = {{Nancy}},
  url = {https://gallica.bnf.fr/ark:/12148/bpt6k6229011t?rk=21459;2},
  keywords = {TNAHexpo}
}

@misc{stokes_escriptorium_nodate,
  type = {Billet},
  title = {{{eScriptorium}} : Un Outil Pour La Transcription Automatique Des Documents},
  shorttitle = {{{eScriptorium}}},
  author = {Stokes, Peter A.},
  url = {https://ephenum.hypotheses.org/1412},
  urldate = {2022-07-12},
  abstract = {Le but de l’eScriptorium, dans sa finalité, est de concevoir un outil de production pour des éditions numériques et pour toute la chaîne nécessaire, dont la transcription représente ici la première brique. Nous bénéficions...},
  keywords = {Important,TNAH_hn_logiciels}
}

@book{tei_consortium_tei_2007,
  title = {{{TEI P5}}: {{Guidelines}} for Electronic Text Encoding and Interchange},
  editor = {{TEI Consortium}},
  date = {2007},
  publisher = {{TEI Consortium}},
  url = {http://www.tei-c.org/Guidelines/P5/},
  urldate = {2022-01-09},
  keywords = {TNAH_hn_logiciels}
}

@article{tessierIntroductionEnseignerApprendre2022,
  title = {Introduction. Enseigner et apprendre les humanités numériques : des savoirs recomposés ?},
  shorttitle = {Introduction. Enseigner et apprendre les humanités numériques},
  author = {Tessier, Laurent and Bourgatte, Michaël},
  date = {2022-06-01},
  journaltitle = {Humanités numériques},
  number = {5},
  publisher = {{Humanistica}},
  issn = {2736-2337},
  doi = {10.4000/revuehn.2999},
  url = {http://journals.openedition.org/revuehn/2999},
  urldate = {2022-08-25},
  abstract = {Au cours des dernières décennies, les humanités numériques ont contribué à renouveler les pratiques de recherche et ainsi à recomposer les savoirs au sein des disciplines constituant ce que l’on nomme en France les lettres, les langues et les sciences humaines et sociales (LLSHS). Structurées en véritable mouvement international de chercheuses et de chercheurs engagés dans l’usage des technologies en LLSHS, elles ont pris une place croissante dans le paysage scientifique contemporain. Si ces recherches sont globalement bien documentées, le nombre de travaux consacrés spécifiquement à l’enseignement et à l’apprentissage des humanités numériques reste en revanche assez faible. On teste ici différentes hypothèses permettant d’expliquer ce peu de visibilité et on suggère qu’il existe bien une pédagogie propre aux humanités numériques, avec ses pratiques d’enseignement et d’apprentissage, ainsi que ses positions théoriques et idéologiques.},
  issue = {5},
  langid = {french},
  keywords = {Important,TNAH_hn_recherche},
  file = {/Users/EstebanSanchez/Google Drive/Bibliothèques/Bibliothèque Zotero/Tessier et Bourgatte, 2022 - Introduction. Enseigner et apprendre les humanités numériques - des savoirs recomposés.pdf}
}

@misc{thatcampparisManifesteDigitalHumanities2010,
  title = {Manifeste Des {{Digital}} Humanities},
  author = {{THATCamp Paris}},
  date = {2010},
  url = {https://tcp-hypotheses-org.ezpaarse.univ-paris1.fr/318},
  keywords = {TNAH_hn_recherche}
}

@book{toledo_museum_of_art_catalogue_1912,
  title = {Catalogue of the Inaugural Exhibition, {{January}} Seventeenth to {{February}} Twelfth {{An}}. {{Dni}}. {{MCMXII}}},
  author = {{Toledo Museum of Art}},
  editor = {Lee, Harold B.},
  date = {1912},
  publisher = {{The Gilliss press}},
  location = {{New York}},
  abstract = {"Of this catalogue one thousand copies have been printed."; 1},
  editoratype = {collaborator},
  pagetotal = {338},
  keywords = {TNAHexpo_autres}
}

@inproceedings{topalov_automating_2020,
  title = {Automating {{Artl}}@s - Extracting Data from Exhibition Catalogues},
  author = {Topalov, Barbara and Gabay, Simon and Joyeux-Prunel, Béatrice and Romary, Laurent and Rondeau du Noyer, Lucie},
  date = {2020},
  keywords = {TNAHartlas}
}

@misc{unesco_vers_2019,
  title = {Vers Une Recommandation de l'{{UNESCO}} Pour La {{Science}} Ouverte},
  author = {{UNESCO}},
  date = {2019},
  url = {https://en.unesco.org/sites/default/files/open_science_brochure_fr.pdf},
  urldate = {2022-08-23},
  keywords = {TNAH_hn_recherche}
}

@misc{universitedegeneveCertificatSpecialisationHumanites,
  title = {Certificat de Spécialisation En Humanités Numériques},
  author = {{Université de Genève}},
  url = {https://www.unige.ch/lettres/humanites-numeriques/cours-et-seminaires/certificat-de-specialisation},
  urldate = {2022-09-05},
  keywords = {TNAH_hn_logiciels}
}

@misc{urfist_mediterranee_les_nodate,
  title = {Les Principes {{FAIR}}},
  author = {{URFIST Méditerranée}},
  url = {https://doranum.fr/enjeux-benefices/principes-fair/},
  urldate = {2022-07-16},
  keywords = {TNAH_hn_recherche}
}

@misc{valentine_subject_nodate,
  title = {Subject \& {{Course Guides}}: {{Optical Character Recognition}} ({{OCR}}) - {{Getting Started}}: {{Other Tools}}},
  shorttitle = {Subject \& {{Course Guides}}},
  author = {Valentine, Greta},
  url = {https://guides.lib.ku.edu/ocr/other-tools},
  urldate = {2022-07-21},
  abstract = {Basic overview of several tools (both open source such as Tesseract and commercial such as Adobe Acrobat) that perform optical character recognition (OCR).},
  keywords = {TNAH_hn_logiciels}
}

@article{vanholsbeeck_la_2017,
  title = {La Notion de {{Science Ouverte}} Dans l’{{Espace}} Européen de La Recherche},
  author = {Vanholsbeeck, Marc},
  date = {2017},
  journaltitle = {Revue française des sciences de l’information et de la communication},
  number = {11},
  doi = {10.4000/rfsic.3241},
  url = {http://journals.openedition.org/rfsic/3241},
  keywords = {TNAH_hn_recherche}
}

@article{vanleeneHumanitesNumeriquesPedagogie2019,
  title = {Humanités numériques et pédagogie participative~: cas d’une classe expérimentale pluridisciplinaire inversée},
  shorttitle = {Humanités numériques et pédagogie participative},
  author = {Vanleene, François and Lyman-Hager, Mary Ann and Mercurol, Lise},
  date = {2019},
  journaltitle = {Éla. Études de linguistique appliquée},
  shortjournal = {Éla. Études de linguistique appliquée},
  volume = {193},
  number = {1},
  pages = {91--105},
  publisher = {{Klincksieck}},
  location = {{Paris}},
  issn = {0071-190X},
  doi = {10.3917/ela.193.0091},
  url = {https://www.cairn.info/revue-ela-2019-1-page-91.htm},
  urldate = {2022-08-25},
  abstract = {Les contenus et les méthodes d’un cours de civilisation française enseigné à l’Université d’État de San Diego (USA) ont été réévalués et mis à jour entre~2015~et~2018, à la faveur des débats récurrents portant sur la place des technologies numériques dans les Humanités. Une réflexion a été menée non seulement sur les enjeux de ce champ académique en tant que domaine pluridiscinaire dans le contexte de la Didactique des Langues et des Cultures, mais également sur les moyens logistiques et pédagogiques qu’il est possible de mettre en œuvre dans les universités pour développer une compétence culturelle effective chez les apprenants d’une langue étrangère. Cet article se focalise sur cette initiative qui a permis l’implémentation du modèle hybride de la classe inversée, alternant études autonomes en distanciel et apprentissage collaboratif, en présentiel. Ce dispositif a été étayé par une architecture pédago-numérique comprenant un manuel de classe aux formats imprimé et digital, des chapitres interactifs en ligne et un guide à destination des enseignants promouvant l’intégration d’une pédagogie participative, laquelle prend en compte l’hétérogénéité des niveaux de compétence linguistique dans une classe et le défi que constitue pour les apprenants un cours pluridisciplinaire dans une langue étrangère. Ce modèle d’enseignement de la civilisation, résolument socioconstructiviste et connectiviste, a été évalué grâce à une recherche qualitative portant sur un semestre de cours avec~15~étudiants. Si cette étude en démontre le bénéfice à en tirer sur le plan organisationnel, ainsi que le caractère engageant et motivant, elle permet également de signaler que les technologies numériques ne sauraient compenser les lacunes d’un public encore trop peu rompu aux méthodes d’analyse en vigueur dans les Humanités et propose d’autres pistes à explorer pour la mise à niveau des apprenants et l’évolution de ce modèle pédago-numérique appliqué à l’enseignement de la civilisation.},
  langid = {french},
  keywords = {Important,TNAH_hn_recherche},
  file = {/Users/EstebanSanchez/Zotero/storage/5S9CN4JR/revue-ela-2019-1-page-91.html}
}

@misc{w3_xsl_nodate,
  title = {{{XSL}} Transformation Documentation},
  author = {World Wide Web Consortium, W3C},
  url = {https://www.w3.org/TR/2017/REC-xslt-30-20170608/},
  urldate = {2022-07-16},
  keywords = {TNAH_hn_logiciels}
}

@misc{weber_numerisation_2014,
  title = {Numérisation Des Catalogues de Ventes d'oeuvres d'art de La {{Bibliothèque}} de l'{{INHA}}},
  author = {Weber, Anne and {APAHAU, Association des professeurs d'archéologieet d'histoire de l'art des universités}},
  date = {2014},
  url = {http://blog.apahau.org/numerisation-des-catalogues-de-ventes-doeuvres-dart-de-la-bibliotheque-de-linha/},
  urldate = {2022-08-13},
  keywords = {TNAH_hn_recherche}
}

@article{wilkinson_fair_2016,
  title = {The {{FAIR Guiding Principles}} for Scientific Data Management and Stewardship},
  author = {Wilkinson, Mark D. and Dumontier, Michel and Aalbersberg, IJsbrand Jan and Appleton, Gabrielle and Axton, Myles and Baak, Arie and Blomberg, Niklas and Boiten, Jan-Willem and da Silva Santos, Luiz Bonino and Bourne, Philip E. and Bouwman, Jildau and Brookes, Anthony J. and Clark, Tim and Crosas, Mercè and Dillo, Ingrid and Dumon, Olivier and Edmunds, Scott and Evelo, Chris T. and Finkers, Richard and Gonzalez-Beltran, Alejandra and Gray, Alasdair J. G. and Groth, Paul and Goble, Carole and Grethe, Jeffrey S. and Heringa, Jaap and ’t Hoen, Peter A. C. and Hooft, Rob and Kuhn, Tobias and Kok, Ruben and Kok, Joost and Lusher, Scott J. and Martone, Maryann E. and Mons, Albert and Packer, Abel L. and Persson, Bengt and Rocca-Serra, Philippe and Roos, Marco and van Schaik, Rene and Sansone, Susanna-Assunta and Schultes, Erik and Sengstag, Thierry and Slater, Ted and Strawn, George and Swertz, Morris A. and Thompson, Mark and van der Lei, Johan and van Mulligen, Erik and Velterop, Jan and Waagmeester, Andra and Wittenburg, Peter and Wolstencroft, Katherine and Zhao, Jun and Mons, Barend},
  options = {useprefix=true},
  date = {2016-03},
  journaltitle = {Scientific Data},
  volume = {3},
  number = {1},
  issn = {2052-4463},
  doi = {10.1038/sdata.2016.18},
  url = {https://www.nature.com/articles/sdata201618},
  urldate = {2022-08-17},
  abstract = {There is an urgent need to improve the infrastructure supporting the reuse of scholarly data. A diverse set of stakeholders—representing academia, industry, funding agencies, and scholarly publishers—have come together to design and jointly endorse a concise and measureable set of principles that we refer to as the FAIR Data Principles. The intent is that these may act as a guideline for those wishing to enhance the reusability of their data holdings. Distinct from peer initiatives that focus on the human scholar, the FAIR Principles put specific emphasis on enhancing the ability of machines to automatically find and use the data, in addition to supporting its reuse by individuals. This Comment is the first formal publication of the FAIR Principles, and includes the rationale behind them, and some exemplar implementations in the community.},
  copyright = {2016 The Author(s)},
  langid = {english},
  keywords = {TNAH_hn_recherche}
}

@book{XIIBienalSao1973,
  title = {{{XII Bienal}} de {{São Paulo}}},
  date = {1973},
  url = {https://issuu.com/bienal/docs/namee1bdf4/440},
  keywords = {TNAHexpo}
}

@article{zramdini_optical_1998,
  title = {Optical Font Recognition Using Typographical Features},
  author = {Zramdini, A. and Ingold, R.},
  date = {1998},
  journaltitle = {IEEE Transactions on Pattern Analysis and Machine Intelligence},
  volume = {20},
  number = {8},
  pages = {877--882},
  doi = {10.1109/34.709616},
  keywords = {TNAH_hn_logiciels}
}


